2382 3787
343 196 381 260 8
660 199 781 258 DE
834 198 1202 260 IMPERIO
1258 198 1384 261 GN.
1443 198 1783 260 POMPEI.

342 354 533 434 neque
583 357 741 415 enim
792 355 980 414 isdem
1029 354 1357 414 redimendi
1408 353 1659 412 facultas
1711 354 1827 412 erit
1878 361 2118 431 propter

344 453 736 512 calamitatem
787 471 976 528 neque
1027 451 1161 541 aliis
1213 452 1488 510 voluntas
1540 456 1781 528 propter
1824 451 2110 511 timorem.

242 549 312 607 19
346 550 592 621 Deinde,
623 549 779 625 quod
813 568 921 607 nos
947 549 1149 608 eadem
1175 549 1326 606 Asia
1360 555 1538 625 atque
1564 549 1721 606 idem
1745 548 1859 606 iste
1884 548 2118 606 Mithri-

344 646 512 705 dates
561 645 736 703 initio
788 646 930 704 belli
981 645 1236 704 Asiatici
1290 646 1503 718 docuit,
1559 645 1622 703 id
1674 645 1910 721 quidem
1961 653 2118 704 certe
2217 676 2234 699 x

343 740 676 799 calamitate
729 740 886 798 docti
937 740 1219 798 memoria
1269 740 1524 797 retinere
1585 737 1874 798 debemus.
1956 737 2118 796 Nam

341 843 489 910 tum,
546 856 679 895 cum
724 837 791 894 in
835 835 988 894 Asia
1034 855 1128 894 res
1171 855 1414 912 magnas
1459 834 1737 912 permulti
1782 835 2115 908 amiserant,

215 951 222 958 ·
345 936 559 994 scimus
610 935 836 993 Romae
888 933 1181 993 solutione
1226 933 1511 1011 impedita
1562 932 1737 991 fidem
1784 932 2113 991 concidisse.

346 1030 490 1090 Non
515 1031 673 1088 enim
688 1036 935 1106 possunt
953 1048 1074 1087 una
1088 1030 1154 1086 in
1169 1029 1413 1087 civitate
1431 1029 1606 1086 multi
1620 1047 1745 1086 rem
1763 1048 1832 1086 ac
1850 1028 2118 1086 fortunas

346 1128 634 1200 amittere,
678 1132 924 1209 Qon
976 1126 1174 1204 plures
1227 1144 1422 1183 secum
1473 1125 1540 1182 in
1580 1124 1825 1182 eandem
1876 1123 2120 1182 trahant

347 1223 753 1281 calamitatem.
835 1222 898 1279 A
925 1241 1040 1298 quo
1059 1220 1317 1299 periculo
1343 1220 1646 1297 prohibete
1665 1239 1789 1278 rem
1804 1220 2111 1296 publicam,

347 1326 411 1379 et
434 1320 582 1381 mihi
619 1319 851 1393 credite,
881 1318 945 1376 id
977 1318 1134 1395 quod
1166 1318 1283 1394 ipsi
1317 1317 1557 1377 videtis:
1596 1317 1739 1374 haec
1768 1317 1913 1374 fides
1941 1323 2120 1393 atque

349 1418 492 1475 haec
543 1416 696 1474 ratio
746 1415 1140 1492 pecuniarum,
1198 1432 1348 1490 quae
1390 1413 1630 1487 Romae,
1680 1431 1830 1488 quae
1880 1412 1946 1469 in
1990 1411 2119 1469 foro

351 1518 634 1584 versatur,
676 1509 976 1592 imglicata
1011 1515 1102 1568 est
1127 1528 1262 1566 cum
1293 1507 1413 1565 illis
1446 1507 1709 1584 pecuniis
1745 1507 2024 1564 Asiaticis
2057 1512 2119 1564 et

351 1608 654 1678 cohaeret3
694 1624 865 1663 ruere
898 1604 1003 1661 illa
1035 1623 1157 1661 non
1194 1608 1455 1679 possunt,
1492 1609 1565 1661 ut
1598 1603 1741 1660 haec
1771 1603 1892 1659 non
1917 1601 2119 1659 eodem

350 1702 640 1760 labefacta
663 1708 831 1759 motu
855 1700 1179 1759 concidant.
1240 1699 1435 1769 Quare
1460 1700 1657 1757 videte
1682 1719 1827 1756 num
1853 1699 2120 1757 dubitan-

353 1797 495 1856 dum
529 1794 697 1856 vobis
722 1797 802 1855 sit
827 1797 989 1854 omni
1015 1795 1213 1878 studio
1239 1795 1316 1853 ad
1342 1795 1406 1853 id
1431 1795 1650 1853 bellum
1676 1796 2026 1868 incumbere,
2055 1796 2121 1853 in

351 1914 468 1973 quo
505 1895 692 1971 gloria
728 1893 984 1953 nominis
1022 1895 1221 1967 vestri,
1264 1895 1421 1952 salus
1472 1895 1773 1967 sociorum,
1816 1895 2121 1971 vectigalia

352 1991 625 2063 maxima,
654 1989 929 2047 fortunae
961 1988 1348 2064 plurimorum
1378 1988 1595 2046 civium
1620 1990 1964 2049 coniunctae
1988 2008 2122 2048 cum

355 2105 420 2146 re
444 2086 678 2163 publica
704 2085 1111 2145 defendantur.

251 2191 326 2253 20
474 2183 660 2243 VIII.
745 2183 1037 2253 Quoniam
1090 2182 1164 2241 de
1215 2202 1427 2260 genere
1476 2183 1617 2241 belli
1659 2184 1801 2256 dixi,
1845 2202 2005 2241 nunc
2049 2183 2122 2241 de

354 2280 762 2356 magnitudine
779 2299 965 2356 pauca
990 2280 1198 2340 dicam.
1280 2280 1487 2339 Potest
1511 2281 1670 2338 enim
1694 2280 1805 2338 hoc
1831 2279 1960 2353 dici,
1981 2280 2124 2340 belli

353 2394 539 2453 genus
576 2396 701 2435 esse
732 2377 821 2435 ita
855 2376 1258 2449 necessarium,
1287 2382 1359 2434 ut
1383 2378 1465 2435 sit
1487 2378 1822 2453 gerendum,
1854 2397 1976 2435 non
2001 2396 2125 2436 esse

353 2473 442 2531 ita
466 2493 759 2550 magnum,
788 2479 860 2532 ut
885 2474 964 2532 sit
1002 2474 1541 2550 pertimescendum.
1625 2474 1704 2532 In
1730 2493 1845 2551 quo
1870 2474 2125 2531 maxime
2163 2467 2168 2470 ’

353 2570 739 2629 laborandum
766 2576 870 2643 est,
899 2589 977 2628 ne
1010 2570 1165 2628 forte
1190 2589 1262 2627 ea
1286 2569 1467 2641 vobiS‚
1499 2588 1648 2645 quae
1684 2570 2125 2645 diligentissime

308 2680 317 2686 '
352 2666 714 2745 providenda
739 2672 895 2738 sunt,
917 2663 1342 2724 contemnenda
1368 2684 1491 2723 esse
1511 2665 1839 2723 videantur.
1920 2665 2125 2740 Atque

353 2782 396 2822 u
485 2781 650 2821 mnes
675 2762 1022 2838 intellegant
1054 2781 1150 2819 me
1174 2761 1243 2822 L.
1277 2761 1524 2819 Lucullo
1556 2767 1791 2820 tantum
1825 2760 2126 2845 imQrtire

296 2857 453 2942 &lau
498 2859 511 2872 ’
619 2849 868 2915 uantum
895 2857 1039 2916 forti
1065 2858 1195 2915 viro
1212 2862 1274 2915 et
1300 2857 1553 2933 sapienti
1578 2857 1802 2914 homini
1828 2862 1889 2913 et
1913 2875 2125 2932 magno

352 2927 699 3028 imperatori
708 2945 717 2950 ⁴
756 2951 1093 3056 debeaturt(
1128 2951 1260 3009 dico
1324 2951 1452 3010 eius
1516 2951 1776 3010 adventu
1840 2951 2127 3009 maximas

355 3046 728 3107 Mithridatis
768 3049 964 3125 copias
1009 3048 1282 3106 omnibus
1325 3049 1502 3107 rebus
1540 3052 1779 3106 ornatas
1818 3051 1997 3122 atque
2040 3047 2127 3104 in-

357 3148 612 3202 structas
645 3144 826 3203 fuisse
856 3144 1176 3221 urbemque
1216 3143 1401 3201 Asiae
1431 3142 1808 3200 clarissimam
1846 3141 2128 3219 nobisque

358 3237 782 3311 amicissimam,
813 3239 1246 3315 Cyzicenorum,
1274 3239 1566 3297 obsessam
1591 3257 1715 3297 esse
1740 3238 1969 3314 abipso
1994 3256 2128 3315 rege

357 3334 616 3398 maxima
653 3334 1036 3393 multitudine
1071 3339 1133 3392 et
1167 3339 1567 3410 oppugnatam
1600 3333 2123 3407 vehementissime,
