<?xml version="1.0" encoding="UTF-8"?>
<!DOCTYPE html PUBLIC "-//W3C//DTD XHTML 1.0 Transitional//EN"
    "http://www.w3.org/TR/xhtml1/DTD/xhtml1-transitional.dtd">
<html xmlns="http://www.w3.org/1999/xhtml" xml:lang="en" lang="en">
 <head>
  <title>
</title>
<meta http-equiv="Content-Type" content="text/html;charset=utf-8" />
  <meta name='ocr-system' content='tesseract 3.04.00' />
  <meta name='ocr-capabilities' content='ocr_page ocr_carea ocr_par ocr_line ocrx_word'/>
</head>
<body>
  <div class='ocr_page' id='page_1' title='image "./mtulliciceronis01wilkgoog_0072.png"; bbox 0 0 2382 3787; ppageno 0'>
   <div class='ocr_carea' id='block_1_1' title="bbox 338 208 1787 276">
    <p class='ocr_par' dir='ltr' id='par_1_1' title="bbox 338 208 1787 276">
     <span class='ocr_line' id='line_1_1' title="bbox 338 208 1787 276; baseline -0.002 -1"><span class='ocrx_word' id='word_1_1' title='bbox 338 208 412 276; x_wconf 81' lang='lat'><strong>1&#39;4</strong></span> <span class='ocrx_word' id='word_1_2' title='bbox 659 215 780 274; x_wconf 82' lang='lat' dir='ltr'><strong>DE</strong></span> <span class='ocrx_word' id='word_1_3' title='bbox 829 214 1199 274; x_wconf 83' lang='lat' dir='ltr'><em>IMPERIO</em></span> <span class='ocrx_word' id='word_1_4' title='bbox 1255 211 1378 273; x_wconf 75' lang='lat' dir='ltr'><strong>GN.</strong></span> <span class='ocrx_word' id='word_1_5' title='bbox 1438 211 1787 272; x_wconf 79' lang='lat' dir='ltr'><strong><em>POMPEI.</em></strong></span> 
     </span>
    </p>
   </div>
   <div class='ocr_carea' id='block_1_2' title="bbox 188 362 2106 3424">
    <p class='ocr_par' dir='ltr' id='par_1_2' title="bbox 188 362 2106 3424">
     <span class='ocr_line' id='line_1_2' title="bbox 331 362 2106 434; baseline -0.003 -9"><span class='ocrx_word' id='word_1_6' title='bbox 331 387 560 426; x_wconf 86' lang='lat' dir='ltr'><strong>summa</strong></span> <span class='ocrx_word' id='word_1_7' title='bbox 577 365 1042 424; x_wconf 64' lang='lat' dir='ltr'><strong>transmiserint?</strong></span> <span class='ocrx_word' id='word_1_8' title='bbox 1083 364 1201 434; x_wconf 84' lang='lat' dir='ltr'><strong>Qui</strong></span> <span class='ocrx_word' id='word_1_9' title='bbox 1218 364 1296 423; x_wconf 89' lang='lat' dir='ltr'><strong>ad</strong></span> <span class='ocrx_word' id='word_1_10' title='bbox 1315 383 1420 422; x_wconf 86' lang='lat' dir='ltr'><strong>vos</strong></span> <span class='ocrx_word' id='word_1_11' title='bbox 1438 364 1514 422; x_wconf 88' lang='lat' dir='ltr'><strong>ab</strong></span> <span class='ocrx_word' id='word_1_12' title='bbox 1530 364 1749 422; x_wconf 86' lang='lat' dir='ltr'><strong>exteris</strong></span> <span class='ocrx_word' id='word_1_13' title='bbox 1763 362 2106 421; x_wconf 78' lang='lat' dir='ltr'><strong>nationibus</strong></span> 
     </span>
     <span class='ocr_line' id='line_1_3' title="bbox 328 457 2106 539; baseline -0.003 -19"><span class='ocrx_word' id='word_1_14' title='bbox 328 465 615 534; x_wconf 83' lang='lat' dir='ltr'><strong>venirent,</strong></span> <span class='ocrx_word' id='word_1_15' title='bbox 665 469 866 539; x_wconf 88' lang='lat' dir='ltr'><strong>captos</strong></span> <span class='ocrx_word' id='word_1_16' title='bbox 912 481 1138 538; x_wconf 89' lang='lat' dir='ltr'><strong>querar,</strong></span> <span class='ocrx_word' id='word_1_17' title='bbox 1184 480 1320 518; x_wconf 85' lang='lat' dir='ltr'><strong>cum</strong></span> <span class='ocrx_word' id='word_1_18' title='bbox 1371 460 1551 536; x_wconf 83' lang='lat' dir='ltr'><strong>legati</strong></span> <span class='ocrx_word' id='word_1_19' title='bbox 1596 458 1802 536; x_wconf 87' lang='lat' dir='ltr'><strong>populi</strong></span> <span class='ocrx_word' id='word_1_20' title='bbox 1846 457 2106 516; x_wconf 84' lang='lat' dir='ltr'><strong>Romani</strong></span> 
     </span>
     <span class='ocr_line' id='line_1_4' title="bbox 327 554 2105 635; baseline -0.002 -19"><span class='ocrx_word' id='word_1_21' title='bbox 327 559 615 635; x_wconf 72' lang='lat' dir='ltr'>redempti</span> <span class='ocrx_word' id='word_1_22' title='bbox 653 559 815 616; x_wconf 61' lang='lat' dir='ltr'><strong>sint?</strong></span> <span class='ocrx_word' id='word_1_23' title='bbox 866 557 1287 615; x_wconf 71' lang='lat' dir='ltr'><strong>mercatoribus</strong></span> <span class='ocrx_word' id='word_1_24' title='bbox 1323 561 1525 614; x_wconf 90' lang='lat' dir='ltr'><strong>tutum</strong></span> <span class='ocrx_word' id='word_1_25' title='bbox 1563 575 1724 613; x_wconf 90' lang='lat' dir='ltr'><strong>mare</strong></span> <span class='ocrx_word' id='word_1_26' title='bbox 1761 574 1885 613; x_wconf 90' lang='lat' dir='ltr'><strong>non</strong></span> <span class='ocrx_word' id='word_1_27' title='bbox 1921 554 2105 615; x_wconf 69' lang='lat' dir='ltr'><strong>fuisso</strong></span> 
     </span>
     <span class='ocr_line' id='line_1_5' title="bbox 327 651 2103 728; baseline -0.001 -18"><span class='ocrx_word' id='word_1_28' title='bbox 327 653 531 724; x_wconf 90' lang='lat' dir='ltr'><strong>dicam,</strong></span> <span class='ocrx_word' id='word_1_29' title='bbox 554 673 688 711; x_wconf 89' lang='lat' dir='ltr'><strong>oum</strong></span> <span class='ocrx_word' id='word_1_30' title='bbox 708 653 1012 712; x_wconf 81' lang='lat' dir='ltr'><strong>duodecim</strong></span> <span class='ocrx_word' id='word_1_31' title='bbox 1033 671 1260 710; x_wconf 87' lang='lat' dir='ltr'><strong>secures</strong></span> <span class='ocrx_word' id='word_1_32' title='bbox 1274 651 1340 709; x_wconf 88' lang='lat' dir='ltr'><strong>in</strong></span> <span class='ocrx_word' id='word_1_33' title='bbox 1365 652 1726 727; x_wconf 87' lang='lat' dir='ltr'><strong>praedonum</strong></span> <span class='ocrx_word' id='word_1_34' title='bbox 1750 657 2103 728; x_wconf 86' lang='lat' dir='ltr'><strong>potestatem</strong></span> 
     </span>
     <span class='ocr_line' id='line_1_6' title="bbox 226 733 2099 825; baseline 0 -19"><span class='ocrx_word' id='word_1_35' title='bbox 226 757 299 814; x_wconf 78' lang='lat'><strong>33</strong></span> <span class='ocrx_word' id='word_1_36' title='bbox 326 751 744 825; x_wconf 62' lang='lat' dir='ltr'><strong>porvonorintss</strong></span> <span class='ocrx_word' id='word_1_37' title='bbox 824 749 1080 809; x_wconf 76' lang='lat' dir='ltr'><strong>cnidum</strong></span> <span class='ocrx_word' id='word_1_38' title='bbox 1125 754 1234 806; x_wconf 67' lang='lat' dir='ltr'><strong>ouo</strong></span> <span class='ocrx_word' id='word_1_39' title='bbox 1274 748 1669 824; x_wconf 72' lang='lat' dir='ltr'>Colophonem</span> <span class='ocrx_word' id='word_1_40' title='bbox 1703 733 1811 806; x_wconf 61' lang='lat' dir='ltr'><strong>out</strong></span> <span class='ocrx_word' id='word_1_41' title='bbox 1843 749 2099 817; x_wconf 74' lang='lat' dir='ltr'><strong>samum,</strong></span> 
     </span>
     <span class='ocr_line' id='line_1_7' title="bbox 326 843 2101 919; baseline -0.001 -18"><span class='ocrx_word' id='word_1_42' title='bbox 326 845 716 903; x_wconf 84' lang='lat' dir='ltr'><strong>nobilissimas</strong></span> <span class='ocrx_word' id='word_1_43' title='bbox 741 846 932 916; x_wconf 90' lang='lat' dir='ltr'><strong>urbes,</strong></span> <span class='ocrx_word' id='word_1_44' title='bbox 962 843 1535 919; x_wconf 79' lang='lat' dir='ltr'><strong>innumerabilesque</strong></span> <span class='ocrx_word' id='word_1_45' title='bbox 1569 843 1716 901; x_wconf 84' lang='lat' dir='ltr'><strong>alias</strong></span> <span class='ocrx_word' id='word_1_46' title='bbox 1742 849 1943 919; x_wconf 83' lang='lat' dir='ltr'><strong>captas</strong></span> <span class='ocrx_word' id='word_1_47' title='bbox 1977 861 2101 900; x_wconf 88' lang='lat' dir='ltr'><strong>esse</strong></span> 
     </span>
     <span class='ocr_line' id='line_1_8' title="bbox 323 943 2095 1015; baseline -0.002 -17"><span class='ocrx_word' id='word_1_48' title='bbox 323 959 781 1012; x_wconf 87' lang='lat' dir='ltr'><strong>commemorem,</strong></span> <span class='ocrx_word' id='word_1_49' title='bbox 825 960 958 998; x_wconf 88' lang='lat' dir='ltr'><strong>cum</strong></span> <span class='ocrx_word' id='word_1_50' title='bbox 997 946 1225 997; x_wconf 88' lang='lat' dir='ltr'><strong>vestros</strong></span> <span class='ocrx_word' id='word_1_51' title='bbox 1275 945 1482 1015; x_wconf 89' lang='lat' dir='ltr'><strong>portus</strong></span> <span class='ocrx_word' id='word_1_52' title='bbox 1520 943 1698 1014; x_wconf 83' lang='lat' dir='ltr'><strong>atque</strong></span> <span class='ocrx_word' id='word_1_53' title='bbox 1736 958 1836 996; x_wconf 89' lang='lat' dir='ltr'><strong>eos</strong></span> <span class='ocrx_word' id='word_1_54' title='bbox 1873 944 2095 1014; x_wconf 58' lang='lat' dir='ltr'><strong>portua</strong></span> 
     </span>
     <span class='ocr_line' id='line_1_9' title="bbox 323 1034 2100 1113; baseline -0.001 -19"><span class='ocrx_word' id='word_1_55' title='bbox 323 1037 537 1113; x_wconf 90' lang='lat' dir='ltr'><strong>quibus</strong></span> <span class='ocrx_word' id='word_1_56' title='bbox 563 1038 751 1095; x_wconf 86' lang='lat' dir='ltr'><strong>vitam</strong></span> <span class='ocrx_word' id='word_1_57' title='bbox 777 1044 839 1095; x_wconf 89' lang='lat' dir='ltr'><strong>et</strong></span> <span class='ocrx_word' id='word_1_58' title='bbox 865 1038 1139 1113; x_wconf 89' lang='lat' dir='ltr'><strong>spiritum</strong></span> <span class='ocrx_word' id='word_1_59' title='bbox 1179 1036 1409 1107; x_wconf 87' lang='lat' dir='ltr'><strong>ducitis,</strong></span> <span class='ocrx_word' id='word_1_60' title='bbox 1438 1035 1506 1093; x_wconf 90' lang='lat' dir='ltr'><strong>in</strong></span> <span class='ocrx_word' id='word_1_61' title='bbox 1531 1036 1892 1111; x_wconf 88' lang='lat' dir='ltr'><strong>praedonum</strong></span> <span class='ocrx_word' id='word_1_62' title='bbox 1918 1034 2100 1092; x_wconf 72' lang='lat' dir='ltr'><strong>fuisse</strong></span> 
     </span>
     <span class='ocr_line' id='line_1_10' title="bbox 322 1131 2100 1208; baseline -0.001 -17"><span class='ocrx_word' id='word_1_63' title='bbox 322 1139 613 1208; x_wconf 89' lang='lat' dir='ltr'><strong>potestate</strong></span> <span class='ocrx_word' id='word_1_64' title='bbox 648 1134 884 1192; x_wconf 62' lang='lat' dir='ltr'><strong>sciatis?</strong></span> <span class='ocrx_word' id='word_1_65' title='bbox 965 1133 1068 1190; x_wconf 88' lang='lat' dir='ltr'><strong>An</strong></span> <span class='ocrx_word' id='word_1_66' title='bbox 1099 1151 1239 1191; x_wconf 86' lang='lat' dir='ltr'><strong>vero</strong></span> <span class='ocrx_word' id='word_1_67' title='bbox 1274 1133 1559 1208; x_wconf 87' lang='lat' dir='ltr'><strong>ignoratis</strong></span> <span class='ocrx_word' id='word_1_68' title='bbox 1589 1138 1826 1208; x_wconf 90' lang='lat' dir='ltr'><strong>portum</strong></span> <span class='ocrx_word' id='word_1_69' title='bbox 1862 1131 2100 1190; x_wconf 75' lang='lat' dir='ltr'><strong>Caietae</strong></span> 
     </span>
     <span class='ocr_line' id='line_1_11' title="bbox 322 1226 2097 1304; baseline -0.001 -19"><span class='ocrx_word' id='word_1_70' title='bbox 322 1228 760 1286; x_wconf 85' lang='lat' dir='ltr'><strong>celeberrimum</strong></span> <span class='ocrx_word' id='word_1_71' title='bbox 825 1248 894 1286; x_wconf 86' lang='lat' dir='ltr'><strong>ao</strong></span> <span class='ocrx_word' id='word_1_72' title='bbox 957 1228 1361 1304; x_wconf 86' lang='lat' dir='ltr'><strong>plenissimum</strong></span> <span class='ocrx_word' id='word_1_73' title='bbox 1426 1227 1669 1285; x_wconf 88' lang='lat' dir='ltr'><strong>navium</strong></span> <span class='ocrx_word' id='word_1_74' title='bbox 1732 1226 2097 1303; x_wconf 67' lang='lat' dir='ltr'><strong>inspectante</strong></span> 
     </span>
     <span class='ocr_line' id='line_1_12' title="bbox 321 1323 2097 1401; baseline -0.001 -18"><span class='ocrx_word' id='word_1_75' title='bbox 321 1331 588 1399; x_wconf 88' lang='lat' dir='ltr'><strong>praetore</strong></span> <span class='ocrx_word' id='word_1_76' title='bbox 640 1344 679 1382; x_wconf 89' lang='lat' dir='ltr'><strong>a</strong></span> <span class='ocrx_word' id='word_1_77' title='bbox 730 1325 1121 1401; x_wconf 86' lang='lat' dir='ltr'><strong>praedonibus</strong></span> <span class='ocrx_word' id='word_1_78' title='bbox 1173 1344 1298 1382; x_wconf 90' lang='lat' dir='ltr'><strong>esse</strong></span> <span class='ocrx_word' id='word_1_79' title='bbox 1352 1323 1685 1401; x_wconf 67' lang='lat' dir='ltr'><strong>direptum?</strong></span> <span class='ocrx_word' id='word_1_80' title='bbox 1742 1344 1819 1382; x_wconf 87' lang='lat' dir='ltr'><strong>ex</strong></span> <span class='ocrx_word' id='word_1_81' title='bbox 1862 1324 2097 1382; x_wconf 85' lang='lat' dir='ltr'><strong>Miseno</strong></span> 
     </span>
     <span class='ocr_line' id='line_1_13' title="bbox 320 1419 2096 1496; baseline 0.001 -20"><span class='ocrx_word' id='word_1_82' title='bbox 320 1425 520 1477; x_wconf 88' lang='lat' dir='ltr'><strong>autem</strong></span> <span class='ocrx_word' id='word_1_83' title='bbox 558 1419 685 1477; x_wconf 91' lang='lat' dir='ltr'><strong>eius</strong></span> <span class='ocrx_word' id='word_1_84' title='bbox 714 1420 899 1495; x_wconf 89' lang='lat' dir='ltr'><strong>ipsius</strong></span> <span class='ocrx_word' id='word_1_85' title='bbox 937 1421 1166 1491; x_wconf 75' lang='lat' dir='ltr'><strong>liberOS,</strong></span> <span class='ocrx_word' id='word_1_86' title='bbox 1198 1419 1301 1495; x_wconf 89' lang='lat' dir='ltr'><strong>qui</strong></span> <span class='ocrx_word' id='word_1_87' title='bbox 1332 1439 1465 1477; x_wconf 88' lang='lat' dir='ltr'><strong>cum</strong></span> <span class='ocrx_word' id='word_1_88' title='bbox 1503 1419 1895 1496; x_wconf 89' lang='lat' dir='ltr'><strong>praedonibus</strong></span> <span class='ocrx_word' id='word_1_89' title='bbox 1917 1425 2096 1477; x_wconf 86' lang='lat' dir='ltr'><strong>antea</strong></span> 
     </span>
     <span class='ocr_line' id='line_1_14' title="bbox 317 1514 2093 1592; baseline 0.002 -21"><span class='ocrx_word' id='word_1_90' title='bbox 317 1514 403 1571; x_wconf 92' lang='lat' dir='ltr'><strong>ibi</strong></span> <span class='ocrx_word' id='word_1_91' title='bbox 428 1515 649 1573; x_wconf 88' lang='lat' dir='ltr'><strong>bellum</strong></span> <span class='ocrx_word' id='word_1_92' title='bbox 674 1522 946 1591; x_wconf 81' lang='lat' dir='ltr'><strong>gesserat,</strong></span> <span class='ocrx_word' id='word_1_93' title='bbox 976 1534 1014 1573; x_wconf 90' lang='lat' dir='ltr'><strong>a</strong></span> <span class='ocrx_word' id='word_1_94' title='bbox 1038 1516 1432 1592; x_wconf 88' lang='lat' dir='ltr'><strong>praedonibus</strong></span> <span class='ocrx_word' id='word_1_95' title='bbox 1457 1535 1581 1573; x_wconf 88' lang='lat' dir='ltr'><strong>esse</strong></span> <span class='ocrx_word' id='word_1_96' title='bbox 1607 1516 1896 1575; x_wconf 64' lang='lat' dir='ltr'><strong>sublatos?</strong></span> <span class='ocrx_word' id='word_1_97' title='bbox 1932 1516 2093 1574; x_wconf 86' lang='lat' dir='ltr'><strong>Nam</strong></span> 
     </span>
     <span class='ocr_line' id='line_1_15' title="bbox 318 1611 2093 1688; baseline 0.001 -20"><span class='ocrx_word' id='word_1_98' title='bbox 318 1611 463 1686; x_wconf 89' lang='lat' dir='ltr'><strong>quid</strong></span> <span class='ocrx_word' id='word_1_99' title='bbox 489 1631 595 1687; x_wconf 86' lang='lat' dir='ltr'><strong>ego</strong></span> <span class='ocrx_word' id='word_1_100' title='bbox 624 1612 894 1670; x_wconf 85' lang='lat' dir='ltr'><strong>Ostiense</strong></span> <span class='ocrx_word' id='word_1_101' title='bbox 931 1612 1366 1675; x_wconf 79' lang='lat' dir='ltr'><strong>incommodum</strong></span> <span class='ocrx_word' id='word_1_102' title='bbox 1391 1618 1568 1688; x_wconf 90' lang='lat' dir='ltr'><strong>atque</strong></span> <span class='ocrx_word' id='word_1_103' title='bbox 1602 1613 1766 1669; x_wconf 91' lang='lat' dir='ltr'><strong>illam</strong></span> <span class='ocrx_word' id='word_1_104' title='bbox 1791 1613 1982 1670; x_wconf 89' lang='lat' dir='ltr'><strong>labem</strong></span> <span class='ocrx_word' id='word_1_105' title='bbox 2008 1619 2093 1670; x_wconf 91' lang='lat' dir='ltr'><strong>at-</strong></span> 
     </span>
     <span class='ocr_line' id='line_1_16' title="bbox 319 1710 2092 1787; baseline -0.001 -20"><span class='ocrx_word' id='word_1_106' title='bbox 319 1729 435 1786; x_wconf 90' lang='lat' dir='ltr'><strong>que</strong></span> <span class='ocrx_word' id='word_1_107' title='bbox 481 1710 865 1785; x_wconf 73' lang='lat' dir='ltr'><strong>ignominiam</strong></span> <span class='ocrx_word' id='word_1_108' title='bbox 910 1710 997 1767; x_wconf 88' lang='lat' dir='ltr'><strong>rei</strong></span> <span class='ocrx_word' id='word_1_109' title='bbox 1036 1710 1303 1785; x_wconf 89' lang='lat' dir='ltr'><strong>publicae</strong></span> <span class='ocrx_word' id='word_1_110' title='bbox 1343 1729 1570 1785; x_wconf 89' lang='lat' dir='ltr'><strong>querar,</strong></span> <span class='ocrx_word' id='word_1_111' title='bbox 1615 1728 1748 1767; x_wconf 86' lang='lat' dir='ltr'><strong>oum</strong></span> <span class='ocrx_word' id='word_1_112' title='bbox 1787 1729 1967 1787; x_wconf 91' lang='lat' dir='ltr'><strong>prope</strong></span> <span class='ocrx_word' id='word_1_113' title='bbox 2006 1710 2092 1766; x_wconf 91' lang='lat' dir='ltr'><strong>in-</strong></span> 
     </span>
     <span class='ocr_line' id='line_1_17' title="bbox 317 1805 2090 1882; baseline 0.002 -21"><span class='ocrx_word' id='word_1_114' title='bbox 317 1806 715 1880; x_wconf 81' lang='lat' dir='ltr'><strong>spectantibus</strong></span> <span class='ocrx_word' id='word_1_115' title='bbox 731 1805 897 1862; x_wconf 87' lang='lat' dir='ltr'><strong>vobis</strong></span> <span class='ocrx_word' id='word_1_116' title='bbox 922 1805 1120 1862; x_wconf 86' lang='lat' dir='ltr'><strong>classis</strong></span> <span class='ocrx_word' id='word_1_117' title='bbox 1144 1824 1231 1875; x_wconf 86' lang='lat' dir='ltr'><strong>ea,</strong></span> <span class='ocrx_word' id='word_1_118' title='bbox 1255 1805 1352 1862; x_wconf 90' lang='lat' dir='ltr'><strong>cui</strong></span> <span class='ocrx_word' id='word_1_119' title='bbox 1377 1807 1578 1863; x_wconf 80' lang='lat' dir='ltr'><strong>consu]</strong></span> <span class='ocrx_word' id='word_1_120' title='bbox 1604 1805 1807 1882; x_wconf 86' lang='lat' dir='ltr'><strong>populi</strong></span> <span class='ocrx_word' id='word_1_121' title='bbox 1835 1805 2090 1865; x_wconf 89' lang='lat' dir='ltr'><strong>Romani</strong></span> 
     </span>
     <span class='ocr_line' id='line_1_18' title="bbox 316 1902 2090 1980; baseline 0.002 -21"><span class='ocrx_word' id='word_1_122' title='bbox 316 1904 682 1979; x_wconf 87' lang='lat' dir='ltr'><strong>praepositus</strong></span> <span class='ocrx_word' id='word_1_123' title='bbox 720 1908 886 1974; x_wconf 89' lang='lat' dir='ltr'><strong>esset,</strong></span> <span class='ocrx_word' id='word_1_124' title='bbox 916 1922 954 1960; x_wconf 88' lang='lat' dir='ltr'><strong>a</strong></span> <span class='ocrx_word' id='word_1_125' title='bbox 987 1902 1380 1978; x_wconf 84' lang='lat' dir='ltr'><strong>praedonibus</strong></span> <span class='ocrx_word' id='word_1_126' title='bbox 1413 1910 1585 1980; x_wconf 85' lang='lat' dir='ltr'><strong>capta</strong></span> <span class='ocrx_word' id='word_1_127' title='bbox 1610 1909 1788 1979; x_wconf 88' lang='lat' dir='ltr'><strong>atque</strong></span> <span class='ocrx_word' id='word_1_128' title='bbox 1816 1923 2090 1980; x_wconf 86' lang='lat' dir='ltr'><strong>oppressa</strong></span> 
     </span>
     <span class='ocr_line' id='line_1_19' title="bbox 314 1998 2089 2058; baseline 0.002 -4"><span class='ocrx_word' id='word_1_129' title='bbox 314 2001 447 2057; x_wconf 71' lang='lat' dir='ltr'><strong>est‘l</strong></span> <span class='ocrx_word' id='word_1_130' title='bbox 530 1998 649 2056; x_wconf 91' lang='lat' dir='ltr'><strong>Pro</strong></span> <span class='ocrx_word' id='word_1_131' title='bbox 702 1999 765 2056; x_wconf 83' lang='lat' dir='ltr'><strong>di</strong></span> <span class='ocrx_word' id='word_1_132' title='bbox 809 1998 1205 2057; x_wconf 80' lang='lat' dir='ltr'><strong>immortales!</strong></span> <span class='ocrx_word' id='word_1_133' title='bbox 1264 2004 1571 2057; x_wconf 84' lang='lat' dir='ltr'><strong>tantamne</strong></span> <span class='ocrx_word' id='word_1_134' title='bbox 1616 2000 1795 2058; x_wconf 90' lang='lat' dir='ltr'><strong>unius</strong></span> <span class='ocrx_word' id='word_1_135' title='bbox 1833 2000 2089 2058; x_wconf 89' lang='lat' dir='ltr'><strong>hominis</strong></span> 
     </span>
     <span class='ocr_line' id='line_1_20' title="bbox 313 2095 2087 2172; baseline 0.002 -21"><span class='ocrx_word' id='word_1_136' title='bbox 313 2095 672 2153; x_wconf 82' lang='lat' dir='ltr'><strong>incredibilis</strong></span> <span class='ocrx_word' id='word_1_137' title='bbox 709 2114 778 2152; x_wconf 90' lang='lat' dir='ltr'><strong>ao</strong></span> <span class='ocrx_word' id='word_1_138' title='bbox 804 2095 1007 2152; x_wconf 82' lang='lat' dir='ltr'><strong>divina</strong></span> <span class='ocrx_word' id='word_1_139' title='bbox 1032 2095 1226 2152; x_wconf 81' lang='lat' dir='ltr'><strong>virtus</strong></span> <span class='ocrx_word' id='word_1_140' title='bbox 1259 2100 1385 2152; x_wconf 89' lang='lat' dir='ltr'><strong>tam</strong></span> <span class='ocrx_word' id='word_1_141' title='bbox 1409 2096 1577 2153; x_wconf 89' lang='lat' dir='ltr'><strong>brevi</strong></span> <span class='ocrx_word' id='word_1_142' title='bbox 1610 2101 1872 2172; x_wconf 89' lang='lat' dir='ltr'><strong>tempore</strong></span> <span class='ocrx_word' id='word_1_143' title='bbox 1897 2096 2087 2155; x_wconf 87' lang='lat' dir='ltr'><strong>lucem</strong></span> 
     </span>
     <span class='ocr_line' id='line_1_21' title="bbox 312 2191 2084 2267; baseline 0.002 -20"><span class='ocrx_word' id='word_1_144' title='bbox 312 2191 543 2248; x_wconf 80' lang='lat' dir='ltr'><strong>adferre</strong></span> <span class='ocrx_word' id='word_1_145' title='bbox 595 2191 682 2248; x_wconf 86' lang='lat' dir='ltr'><strong>rei</strong></span> <span class='ocrx_word' id='word_1_146' title='bbox 727 2191 992 2266; x_wconf 89' lang='lat' dir='ltr'><strong>publicae</strong></span> <span class='ocrx_word' id='word_1_147' title='bbox 1034 2191 1248 2267; x_wconf 90' lang='lat' dir='ltr'><strong>potuit,</strong></span> <span class='ocrx_word' id='word_1_148' title='bbox 1295 2196 1369 2249; x_wconf 85' lang='lat' dir='ltr'><strong>ut</strong></span> <span class='ocrx_word' id='word_1_149' title='bbox 1413 2210 1534 2263; x_wconf 60' lang='lat' dir='ltr'><strong>vota,</strong></span> <span class='ocrx_word' id='word_1_150' title='bbox 1579 2192 1682 2267; x_wconf 89' lang='lat' dir='ltr'><strong>qui</strong></span> <span class='ocrx_word' id='word_1_151' title='bbox 1727 2191 1900 2249; x_wconf 89' lang='lat' dir='ltr'><strong>modo</strong></span> <span class='ocrx_word' id='word_1_152' title='bbox 1944 2199 2084 2250; x_wconf 88' lang='lat' dir='ltr'><strong>ante</strong></span> 
     </span>
     <span class='ocr_line' id='line_1_22' title="bbox 230 2287 2085 2361; baseline 0.002 -18"><span class='ocrx_word' id='word_1_153' title='bbox 230 2321 233 2324; x_wconf 96' lang='lat'>-</span> <span class='ocrx_word' id='word_1_154' title='bbox 312 2287 528 2344; x_wconf 89' lang='lat' dir='ltr'><strong>ostium</strong></span> <span class='ocrx_word' id='word_1_155' title='bbox 580 2287 920 2345; x_wconf 86' lang='lat' dir='ltr'><strong>Tiberinum</strong></span> <span class='ocrx_word' id='word_1_156' title='bbox 973 2289 1215 2345; x_wconf 79' lang='lat' dir='ltr'><strong>classem</strong></span> <span class='ocrx_word' id='word_1_157' title='bbox 1266 2288 1526 2346; x_wconf 89' lang='lat' dir='ltr'><strong>hostium</strong></span> <span class='ocrx_word' id='word_1_158' title='bbox 1574 2289 1877 2361; x_wconf 86' lang='lat' dir='ltr'><strong>videbatis,</strong></span> <span class='ocrx_word' id='word_1_159' title='bbox 1925 2309 2085 2347; x_wconf 88' lang='lat' dir='ltr'><strong>nunc</strong></span> 
     </span>
     <span class='ocr_line' id='line_1_23' title="bbox 312 2379 2082 2461; baseline 0.003 -22"><span class='ocrx_word' id='word_1_160' title='bbox 312 2379 535 2440; x_wconf 85' lang='lat' dir='ltr'><strong>nullam</strong></span> <span class='ocrx_word' id='word_1_161' title='bbox 583 2384 744 2441; x_wconf 89' lang='lat' dir='ltr'><strong>intra</strong></span> <span class='ocrx_word' id='word_1_162' title='bbox 784 2384 1002 2442; x_wconf 91' lang='lat' dir='ltr'><strong>Oceani</strong></span> <span class='ocrx_word' id='word_1_163' title='bbox 1041 2386 1259 2443; x_wconf 85' lang='lat' dir='ltr'><strong>ostium</strong></span> <span class='ocrx_word' id='word_1_164' title='bbox 1297 2385 1657 2461; x_wconf 86' lang='lat' dir='ltr'><strong>praedonum</strong></span> <span class='ocrx_word' id='word_1_165' title='bbox 1701 2406 1913 2445; x_wconf 81' lang='lat' dir='ltr'><strong>navem</strong></span> <span class='ocrx_word' id='word_1_166' title='bbox 1958 2407 2082 2445; x_wconf 90' lang='lat' dir='ltr'><strong>esse</strong></span> 
     </span>
     <span class='ocr_line' id='line_1_24' title="bbox 210 2478 2081 2560; baseline 0.004 -25"><span class='ocrx_word' id='word_1_167' title='bbox 210 2479 286 2542; x_wconf 79' lang='lat'><strong>34</strong></span> <span class='ocrx_word' id='word_1_168' title='bbox 310 2478 601 2536; x_wconf 72' lang='lat' dir='ltr'><strong>audiatis‘l</strong></span> <span class='ocrx_word' id='word_1_169' title='bbox 678 2479 883 2555; x_wconf 83' lang='lat' dir='ltr'><strong>Atque</strong></span> <span class='ocrx_word' id='word_1_170' title='bbox 909 2480 1051 2538; x_wconf 87' lang='lat' dir='ltr'><strong>haec</strong></span> <span class='ocrx_word' id='word_1_171' title='bbox 1077 2501 1196 2558; x_wconf 88' lang='lat' dir='ltr'><strong>qua</strong></span> <span class='ocrx_word' id='word_1_172' title='bbox 1220 2482 1518 2540; x_wconf 88' lang='lat' dir='ltr'><strong>celeritate</strong></span> <span class='ocrx_word' id='word_1_173' title='bbox 1542 2490 1708 2558; x_wconf 86' lang='lat' dir='ltr'><strong>gesta</strong></span> <span class='ocrx_word' id='word_1_174' title='bbox 1726 2484 1862 2556; x_wconf 85' lang='lat' dir='ltr'><strong>sint,</strong></span> <span class='ocrx_word' id='word_1_175' title='bbox 1884 2504 2081 2560; x_wconf 89' lang='lat' dir='ltr'><strong>quam-</strong></span> 
     </span>
     <span class='ocr_line' id='line_1_25' title="bbox 307 2577 2079 2657; baseline 0.004 -24"><span class='ocrx_word' id='word_1_176' title='bbox 307 2596 483 2653; x_wconf 89' lang='lat' dir='ltr'><strong>quam</strong></span> <span class='ocrx_word' id='word_1_177' title='bbox 510 2577 739 2648; x_wconf 86' lang='lat' dir='ltr'><strong>videtis,</strong></span> <span class='ocrx_word' id='word_1_178' title='bbox 758 2584 957 2637; x_wconf 91' lang='lat' dir='ltr'><strong>tamen</strong></span> <span class='ocrx_word' id='word_1_179' title='bbox 984 2600 1020 2637; x_wconf 87' lang='lat' dir='ltr'><strong>a</strong></span> <span class='ocrx_word' id='word_1_180' title='bbox 1045 2600 1138 2638; x_wconf 92' lang='lat' dir='ltr'><strong>me</strong></span> <span class='ocrx_word' id='word_1_181' title='bbox 1153 2581 1220 2638; x_wconf 90' lang='lat' dir='ltr'><strong>in</strong></span> <span class='ocrx_word' id='word_1_182' title='bbox 1248 2580 1493 2638; x_wconf 87' lang='lat' dir='ltr'><strong>dicendo</strong></span> <span class='ocrx_word' id='word_1_183' title='bbox 1509 2582 1933 2657; x_wconf 84' lang='lat' dir='ltr'><strong>praetereunda</strong></span> <span class='ocrx_word' id='word_1_184' title='bbox 1957 2602 2079 2640; x_wconf 90' lang='lat' dir='ltr'><strong>non</strong></span> 
     </span>
     <span class='ocr_line' id='line_1_26' title="bbox 306 2672 2077 2752; baseline 0.005 -23"><span class='ocrx_word' id='word_1_185' title='bbox 306 2678 460 2731; x_wconf 89' lang='lat' dir='ltr'><strong>sunt.</strong></span> <span class='ocrx_word' id='word_1_186' title='bbox 546 2672 693 2742; x_wconf 82' lang='lat' dir='ltr'><strong>Quis</strong></span> <span class='ocrx_word' id='word_1_187' title='bbox 732 2675 888 2731; x_wconf 88' lang='lat' dir='ltr'><strong>enim</strong></span> <span class='ocrx_word' id='word_1_188' title='bbox 928 2694 1209 2750; x_wconf 90' lang='lat' dir='ltr'><strong>umquam</strong></span> <span class='ocrx_word' id='word_1_189' title='bbox 1248 2682 1355 2733; x_wconf 88' lang='lat' dir='ltr'><strong>aut</strong></span> <span class='ocrx_word' id='word_1_190' title='bbox 1407 2677 1661 2738; x_wconf 89' lang='lat' dir='ltr'><strong>obeundi</strong></span> <span class='ocrx_word' id='word_1_191' title='bbox 1700 2678 1920 2752; x_wconf 88' lang='lat' dir='ltr'><strong>negotii</strong></span> <span class='ocrx_word' id='word_1_192' title='bbox 1970 2685 2077 2737; x_wconf 91' lang='lat' dir='ltr'><strong>aut</strong></span> 
     </span>
     <span class='ocr_line' id='line_1_27' title="bbox 305 2765 2075 2847; baseline 0.005 -25"><span class='ocrx_word' id='word_1_193' title='bbox 305 2765 695 2843; x_wconf 78' lang='lat' dir='ltr'><strong>consequendi</strong></span> <span class='ocrx_word' id='word_1_194' title='bbox 740 2774 1017 2842; x_wconf 85' lang='lat' dir='ltr'><strong>quaestus</strong></span> <span class='ocrx_word' id='word_1_195' title='bbox 1056 2770 1254 2827; x_wconf 87' lang='lat' dir='ltr'><strong>studio</strong></span> <span class='ocrx_word' id='word_1_196' title='bbox 1300 2775 1425 2827; x_wconf 90' lang='lat' dir='ltr'><strong>tam</strong></span> <span class='ocrx_word' id='word_1_197' title='bbox 1475 2772 1642 2829; x_wconf 82' lang='lat' dir='ltr'><strong>brevi</strong></span> <span class='ocrx_word' id='word_1_198' title='bbox 1681 2777 1941 2847; x_wconf 89' lang='lat' dir='ltr'><strong>tempore</strong></span> <span class='ocrx_word' id='word_1_199' title='bbox 1981 2777 2075 2830; x_wconf 89' lang='lat' dir='ltr'><strong>tot</strong></span> 
     </span>
     <span class='ocr_line' id='line_1_28' title="bbox 302 2849 2075 2944; baseline 0.004 -25"><span class='ocrx_word' id='word_1_200' title='bbox 302 2864 429 2921; x_wconf 84' lang='lat' dir='ltr'><strong>loca</strong></span> <span class='ocrx_word' id='word_1_201' title='bbox 454 2865 631 2936; x_wconf 87' lang='lat' dir='ltr'><strong>adire,</strong></span> <span class='ocrx_word' id='word_1_202' title='bbox 649 2870 850 2923; x_wconf 88' lang='lat' dir='ltr'><strong>tantos</strong></span> <span class='ocrx_word' id='word_1_203' title='bbox 865 2885 1067 2924; x_wconf 89' lang='lat' dir='ltr'><strong>cursus</strong></span> <span class='ocrx_word' id='word_1_204' title='bbox 1082 2868 1360 2925; x_wconf 86' lang='lat' dir='ltr'><strong>conficere</strong></span> <span class='ocrx_word' id='word_1_205' title='bbox 1379 2869 1590 2944; x_wconf 89' lang='lat' dir='ltr'><strong>potuit,</strong></span> <span class='ocrx_word' id='word_1_206' title='bbox 1614 2849 1789 2944; x_wconf 86' lang='lat' dir='ltr'><strong>quam</strong></span> <span class='ocrx_word' id='word_1_207' title='bbox 1810 2866 2075 2926; x_wconf 86' lang='lat' dir='ltr'><strong>celeriter</strong></span> 
     </span>
     <span class='ocr_line' id='line_1_29' title="bbox 304 2959 2071 3040; baseline 0.003 -23"><span class='ocrx_word' id='word_1_208' title='bbox 304 2959 408 3018; x_wconf 80' lang='lat' dir='ltr'><strong>Cn.</strong></span> <span class='ocrx_word' id='word_1_209' title='bbox 440 2960 720 3037; x_wconf 90' lang='lat' dir='ltr'><strong>Pompeio</strong></span> <span class='ocrx_word' id='word_1_210' title='bbox 747 2962 894 3020; x_wconf 83' lang='lat' dir='ltr'><strong>duce</strong></span> <span class='ocrx_word' id='word_1_211' title='bbox 928 2964 1085 3020; x_wconf 89' lang='lat' dir='ltr'><strong>tanti</strong></span> <span class='ocrx_word' id='word_1_212' title='bbox 1114 2964 1256 3021; x_wconf 90' lang='lat' dir='ltr'><strong>belli</strong></span> <span class='ocrx_word' id='word_1_213' title='bbox 1294 2965 1551 3040; x_wconf 91' lang='lat' dir='ltr'><strong>impetus</strong></span> <span class='ocrx_word' id='word_1_214' title='bbox 1589 2963 1929 3039; x_wconf 68' lang='lat' dir='ltr'><strong>navigavit?</strong></span> <span class='ocrx_word' id='word_1_215' title='bbox 1967 2966 2071 3039; x_wconf 91' lang='lat' dir='ltr'><strong>qui</strong></span> 
     </span>
     <span class='ocr_line' id='line_1_30' title="bbox 300 3053 2067 3134; baseline 0.005 -25"><span class='ocrx_word' id='word_1_216' title='bbox 300 3053 563 3112; x_wconf 89' lang='lat' dir='ltr'><strong>nondum</strong></span> <span class='ocrx_word' id='word_1_217' title='bbox 581 3058 932 3132; x_wconf 84' lang='lat' dir='ltr'><strong>tempestivo</strong></span> <span class='ocrx_word' id='word_1_218' title='bbox 952 3057 1029 3116; x_wconf 90' lang='lat' dir='ltr'><strong>ad</strong></span> <span class='ocrx_word' id='word_1_219' title='bbox 1043 3058 1442 3134; x_wconf 86' lang='lat' dir='ltr'><strong>navigandum</strong></span> <span class='ocrx_word' id='word_1_220' title='bbox 1461 3060 1611 3117; x_wconf 85' lang='lat' dir='ltr'><strong>mari</strong></span> <span class='ocrx_word' id='word_1_221' title='bbox 1630 3059 1888 3117; x_wconf 83' lang='lat' dir='ltr'><strong>Siciliam</strong></span> <span class='ocrx_word' id='word_1_222' title='bbox 1901 3059 2067 3131; x_wconf 88' lang='lat' dir='ltr'><strong>adiit,</strong></span> 
     </span>
     <span class='ocr_line' id='line_1_31' title="bbox 298 3150 2064 3231; baseline 0.005 -24"><span class='ocrx_word' id='word_1_223' title='bbox 298 3150 568 3210; x_wconf 80' lang='lat' dir='ltr'><strong>Africam</strong></span> <span class='ocrx_word' id='word_1_224' title='bbox 609 3155 954 3231; x_wconf 85' lang='lat' dir='ltr'><strong>exploravit,</strong></span> <span class='ocrx_word' id='word_1_225' title='bbox 998 3157 1065 3213; x_wconf 91' lang='lat' dir='ltr'><strong>in</strong></span> <span class='ocrx_word' id='word_1_226' title='bbox 1107 3156 1439 3214; x_wconf 81' lang='lat' dir='ltr'><strong>Sardiniam</strong></span> <span class='ocrx_word' id='word_1_227' title='bbox 1483 3177 1618 3215; x_wconf 82' lang='lat' dir='ltr'><strong>oum</strong></span> <span class='ocrx_word' id='word_1_228' title='bbox 1662 3158 1843 3215; x_wconf 87' lang='lat' dir='ltr'><strong>classe</strong></span> <span class='ocrx_word' id='word_1_229' title='bbox 1884 3160 2064 3228; x_wconf 87' lang='lat' dir='ltr'><strong>venit,</strong></span> 
     </span>
     <span class='ocr_line' id='line_1_32' title="bbox 295 3248 2067 3330; baseline 0.006 -28"><span class='ocrx_word' id='word_1_230' title='bbox 295 3252 474 3321; x_wconf 87' lang='lat' dir='ltr'><strong>atque</strong></span> <span class='ocrx_word' id='word_1_231' title='bbox 526 3248 669 3306; x_wconf 87' lang='lat' dir='ltr'><strong>haec</strong></span> <span class='ocrx_word' id='word_1_232' title='bbox 720 3251 839 3309; x_wconf 88' lang='lat' dir='ltr'><strong>tria</strong></span> <span class='ocrx_word' id='word_1_233' title='bbox 903 3251 1294 3310; x_wconf 81' lang='lat' dir='ltr'><strong>frumentaria</strong></span> <span class='ocrx_word' id='word_1_234' title='bbox 1347 3253 1607 3311; x_wconf 89' lang='lat' dir='ltr'><strong>subsidia</strong></span> <span class='ocrx_word' id='word_1_235' title='bbox 1659 3254 1747 3312; x_wconf 92' lang='lat' dir='ltr'><strong>rei</strong></span> <span class='ocrx_word' id='word_1_236' title='bbox 1799 3255 2067 3330; x_wconf 88' lang='lat' dir='ltr'><strong>publicae</strong></span> 
     </span>
     <span class='ocr_line' id='line_1_33' title="bbox 188 3341 2063 3424; baseline 0.006 -28"><span class='ocrx_word' id='word_1_237' title='bbox 188 3352 269 3409; x_wconf 78' lang='grc'><strong>,35</strong></span> <span class='ocrx_word' id='word_1_238' title='bbox 294 3341 639 3400; x_wconf 88' lang='lat' dir='ltr'><strong>firmissimis</strong></span> <span class='ocrx_word' id='word_1_239' title='bbox 665 3346 970 3419; x_wconf 82' lang='lat' dir='ltr'><strong>praesidiis</strong></span> <span class='ocrx_word' id='word_1_240' title='bbox 988 3347 1382 3424; x_wconf 81' lang='lat' dir='ltr'><strong>classibusque</strong></span> <span class='ocrx_word' id='word_1_241' title='bbox 1401 3348 1674 3409; x_wconf 70' lang='lat' dir='ltr'><strong>munivit.</strong></span> <span class='ocrx_word' id='word_1_242' title='bbox 1759 3349 1911 3408; x_wconf 89' lang='lat' dir='ltr'><strong>Inde</strong></span> <span class='ocrx_word' id='word_1_243' title='bbox 1930 3369 2063 3408; x_wconf 87' lang='lat' dir='ltr'><strong>cum</strong></span> 
     </span>
    </p>
   </div>
   <div class='ocr_carea' id='block_1_3' title="bbox 2352 836 2372 1749">
    <p class='ocr_par' dir='ltr' id='par_1_3' title="bbox 2352 836 2372 1749">
     <span class='ocr_line' id='line_1_34' title="bbox 2352 836 2372 1749; baseline 0 0"><span class='ocrx_word' id='word_1_244' title='bbox 2352 836 2372 1749; x_wconf 95' lang='lat' dir='ltr'><strong> </strong></span> 
     </span>
    </p>
   </div>
  </div>
 </body>
</html>
