2382 3787
354 212 431 270 26
675 211 797 269 DE
845 210 1213 269 IMPERIO
1269 208 1394 270 GN.
1451 209 1796 270 POMPEI.

351 380 527 436 eques
591 362 896 420 Romanus
962 383 1037 419 ex
1089 369 1327 420 senatus
1380 362 1643 420 consulto
1693 360 2123 436 triumpharet‘l

352 458 517 527 Quae
553 442 619 515 in
651 459 920 516 omnibus
953 459 1288 517 hominibus
1321 478 1477 516 nova
1506 465 1640 534 post
1667 457 1972 515 hominum
2004 476 2121 515 me—

350 555 595 611 moriam
621 554 943 618 constituta
977 560 1133 624 sunt,
1163 573 1233 612 ea
1256 561 1381 611 tam
1407 554 1597 611 multa
1629 573 1750 611 non
1776 559 1918 611 sunt
1942 572 2120 628 quam

249 650 323 708 63
350 649 506 721 haec,
537 669 685 725 quae
718 651 784 707 in
817 651 928 708 hoc
957 669 1076 708 uno
1111 651 1347 708 homine
1385 652 1666 709 videmus.
1748 651 1952 729 Atque
1977 653 2120 710 haec

350 750 443 803 tot
496 745 777 820 exempla,
832 752 1002 803 tanta
1053 766 1122 804 ac
1159 752 1285 804 tam
1323 766 1494 818 nova,
1549 746 1811 823 profecta
1862 754 2003 805 sunt
2052 748 2119 804 in

254 870 259 874 ·
349 841 598 897 eundem
650 841 945 899 hominem
997 862 1035 900 a
1088 843 1157 913 Q.
1217 842 1417 900 Catuli
1474 851 1654 919 atque
1705 863 1742 901 a
1793 850 2116 901 ceterorum

348 938 606 994 eiusdem
659 938 964 1013 dignitatis
1028 940 1517 1015 amplissimorum
1568 939 1873 997 hominum
1897 948 2117 999 aucto-

348 1033 539 1092 ritate.

467 1129 684 1188 XXII.
771 1130 966 1199 Quare
997 1132 1254 1202 videant,
1284 1151 1360 1189 ne
1397 1133 1476 1190 sit
1507 1132 1877 1208 periniquum
1909 1139 1970 1191 et
1995 1154 2116 1192 non

347 1221 668 1298 ferendum,
698 1228 933 1285 illorum
959 1230 1373 1287 auctoritatem
1407 1230 1480 1291 de
1521 1230 1626 1287 Cn.
1657 1230 1901 1307 Pompei
1933 1233 2115 1307 digni-

347 1326 471 1378 tate
497 1342 533 1379 a
558 1324 725 1380 vobis
751 1325 1180 1399 comprobatam
1197 1344 1424 1400 semper
1450 1344 1587 1395 esse,
1610 1332 1872 1383 vestrum
1897 1328 1972 1384 ab
1997 1327 2116 1384 illis

347 1417 420 1474 de
445 1419 647 1476 eodem
672 1420 907 1476 homine
932 1420 1214 1478 iudicium
1248 1421 1565 1497 populique
1591 1422 1847 1483 Romani
1871 1425 2114 1481 auctori-

344 1518 530 1571 tatem
555 1513 886 1590 improbari,
906 1516 1249 1591 praesertim
1276 1534 1408 1573 cum
1433 1516 1553 1572 iam
1580 1534 1684 1572 suo
1710 1516 1839 1583 iure
1864 1517 2120 1592 populus

344 1608 648 1667 Romanus
672 1611 739 1667 in
764 1610 874 1667 hoc
898 1611 1132 1668 homine
1159 1630 1327 1675 suam
1354 1611 1765 1668 auctoritatem
1790 1612 1886 1668 vel
1910 1619 2113 1669 contra

343 1724 543 1764 omnes
559 1707 661 1781 qui
687 1706 1044 1766 dissentiunt
1063 1709 1248 1783 possit
1274 1707 1600 1778 defendere,
1624 1714 1931 1784 propterea
1957 1710 2111 1784 quod
2214 1726 2220 1731 ·

341 1801 526 1858 isdem
560 1803 690 1859 istis
717 1803 1166 1865 reclamantibus
1193 1821 1299 1860 vos
1323 1821 1508 1859 unum
1546 1803 1716 1860 illum
1742 1822 1817 1860 ex
1844 1804 2112 1860 omnibus

242 1891 318 1950 64
342 1899 650 1974 delegistis,
672 1920 846 1976 quem
871 1901 1027 1979 bello
1059 1900 1419 1976 praedonum
1445 1901 1892 1976 praeponeretis,
1977 1900 2110 1957 Hoc

341 1994 393 2051 si
418 2014 522 2052 vos
547 2001 766 2052 temere
786 1995 1007 2053 fecistis
1024 2001 1084 2052 et
1099 1996 1186 2052 rei
1207 1995 1472 2071 publicae
1491 2014 1699 2070 parum
1714 1995 2100 2068 consuluistis,

341 2096 496 2147 recte
521 2091 621 2148 isti
651 2092 847 2149 studia
873 2097 1070 2149 vestra
1095 2091 1219 2148 suis
1257 2090 1516 2148 consiliis
1548 2107 1748 2164 regere
1783 2096 2105 2148 conantur:

340 2187 432 2243 sin
462 2193 660 2246 autem
700 2208 805 2246 vos
839 2189 973 2265 plus
1005 2194 1136 2245 tum
1167 2189 1235 2246 in
1260 2207 1324 2246 re
1350 2187 1583 2264 publica
1609 2187 1855 2256 vidistis,
1883 2205 1989 2243 vos
2013 2186 2109 2243 his

338 2286 800 2360 repugnantibus
841 2306 946 2362 per
984 2290 1213 2343 vosmet
1255 2285 1413 2360 ipsos
1453 2284 1800 2357 dignitatem
1833 2281 1969 2339 huic
2001 2282 2106 2339 im-

337 2380 514 2454 peri0,
545 2380 792 2437 salutem
825 2381 951 2437 orbi
991 2386 1283 2436 terrarum
1321 2378 1622 2447 attulistiS,
1651 2377 1965 2452 aliquando
2002 2377 2105 2434 isti

335 2478 627 2553 principes
680 2483 740 2534 et
792 2478 904 2534 sibi
951 2482 1011 2533 et
1053 2476 1261 2533 ceteris
1302 2474 1506 2550 populi
1547 2474 1804 2534 Romani
1845 2473 2104 2531 universi

316 2571 673 2636 ,auctoritati
698 2572 1022 2647 parendum
1049 2590 1171 2628 esse
1199 2570 1515 2627 fateantur.

451 2668 655 2742 Atque
697 2669 762 2723 in
800 2667 910 2724 hoc
949 2666 1100 2723 bello
1139 2666 1406 2723 Asiatico
1446 2670 1508 2722 et
1547 2665 1707 2739 regio
1749 2684 1872 2721 non
1913 2664 2099 2721 solum

333 2763 604 2820 militaris
629 2763 733 2820 illa
752 2764 958 2835 virtus,
984 2782 1132 2838 quae
1159 2768 1251 2819 est
1264 2754 1330 2818 in
1347 2761 1452 2818 On.
1473 2760 1751 2836 Pompeio
1772 2760 2096 2834 singularis,

332 2858 434 2915 sed
484 2859 634 2915 aliae
674 2877 906 2934 quoque
949 2858 1201 2913 virtutes
1246 2856 1429 2913 animi
1481 2874 1725 2931 magnae
1766 2860 1827 2910 et
1877 2854 2099 2911 multae

331 2954 725 3029 requiruntur.
833 2953 1085 3011 Difficile
1151 2960 1243 3011 est
1305 2954 1372 3010 in
1430 2952 1596 3023 Asia,
1653 2951 1873 3023 Cilicia,
1927 2950 2097 3026 Syria

328 3050 635 3125 regnisque
685 3050 1033 3107 interiorum
1077 3050 1386 3107 nationum
1438 3049 1525 3105 ita
1565 3047 1786 3105 versari
1828 3053 2094 3104 nostrum

328 3146 750 3220 imperatorem,
779 3152 850 3203 ut
883 3146 1035 3203 nihil
1067 3146 1231 3203 aliud
1268 3145 1385 3202 nisi
1421 3145 1494 3201 de
1524 3144 1692 3201 hoste
1730 3163 1799 3201 ac
1824 3143 1898 3200 de
1922 3143 2093 3205 laude

327 3241 556 3314 cogitet.
641 3241 871 3299 Deinde
907 3242 1085 3298 etiam
1121 3241 1173 3298 si
1212 3242 1315 3316 qui
1341 3245 1482 3298 sunt
1519 3239 1743 3314 pudore
1777 3258 1846 3296 ac
1878 3245 2093 3313 tempe-

325 3336 520 3394 rantia
546 3338 974 3409 moderatiores,
998 3344 1198 3395 tamen
1218 3355 1315 3394 eos
1335 3355 1458 3394 esse
1473 3337 1623 3395 tales
1637 3342 1876 3414 propter
1893 3335 2090 3393 multi-
