2382 3787
348 194 387 253 4
671 195 793 253 DE'
840 194 1205 256 IMPERIO
1261 194 1392 255 GN.
1447 195 1785 256 POMPEI.

348 352 465 410 cluo
516 351 821 411 fortissimi
872 354 988 411 viri
1039 359 1102 412 et
1151 354 1368 412 summi
1418 354 1813 431 imperatores,
1872 355 1975 413 sed
2024 354 2113 414 ita

346 449 804 525 triumpharunt,
845 454 917 507 ut
965 449 1067 507 ille
1118 450 1324 525 pulsus
1362 456 1782 527 superatusque
1821 457 2107 528 regnaret.

345 545 574 603 Verum
611 551 812 603 tamen
849 545 968 603 11118
1005 545 1456 622 imperatoribus
1494 546 1625 605 laus
1655 553 1745 604 est
1775 547 2107 620 tribuenda,

346 642 501 719 quod
520 648 783 719 egerunt,
804 642 978 718 venia
996 641 1206 717 danda,
1228 643 1385 719 quod
1404 643 1780 719 reliquerunt,
1804 650 2113 721 propterea

346 738 503 814 quod
566 739 641 795 ab
707 757 776 796 eo
826 722 980 795 bello
1033 737 1257 795 Sullam
1307 737 1374 795 in
1424 737 1664 795 Italiam
1715 756 1809 796 res
1859 737 2107 815 publica,

345 832 659 890 Murenam
686 831 852 889 Sulla
877 832 1187 891 revocavit.

285 931 320 988 9
461 928 574 987 IV.
629 927 1010 986 Mithridates
1027 935 1226 987 autem
1248 948 1418 987 omne
1434 929 1725 1005 reliquum
1744 936 1977 1007 tempus
1990 949 2111 988 non

344 1026 421 1084 ad
448 1025 799 1083 oblivionem
825 1025 1041 1083 veteris
1065 1026 1221 1099 belli,
1240 1025 1342 1083 sed
1367 1025 1444 1084 ad
1468 1026 1955 1102 comparationem
1970 1027 2111 1084 novi

345 1121 624 1180 contulit:
664 1121 768 1198 qui
791 1127 995 1197 postea
1021 1141 1199 1198 quam
1224 1122 1511 1180 maximas
1534 1121 1892 1180 aedificasset
1917 1142 2110 1181 ornas-

344 1225 548 1295 setque
586 1218 794 1277 classes
832 1218 1237 1295 exercitusque
1275 1238 1620 1295 permagnos
1654 1219 2110 1303 quibuscumque

343 1334 420 1372 ex
471 1316 744 1391 gentibus
794 1309 990 1392 posset
1040 1321 1430 1399 comparasset
1494 1320 1556 1372 et
1620 1333 1683 1373 se
1736 1314 2102 1391 Bosporanis,

314 1412 613 1470 ·finitimis
644 1411 781 1483 suis,
808 1411 1028 1468 bellum
1062 1410 1282 1469 inferre
1312 1411 1630 1485 simularet,
1658 1430 1842 1488 usque
1879 1412 1947 1468 in
1972 1411 2111 1469 His-

343 1508 580 1586 paniam
614 1508 835 1583 legatos
864 1526 933 1566 88
964 1507 1195 1566 litteras
1228 1507 1391 1566 misit
1423 1508 1501 1566 ad
1531 1527 1632 1567 eos
1656 1508 1845 1583 duces,
1879 1508 2110 1584 quibus-

236 1614 261 1691 ]
343 1624 478 1662 cum
502 1611 633 1662 tum
666 1604 886 1660 bellum
925 1605 1283 1679 gerebamus,
1314 1611 1398 1679 ut,
1429 1625 1562 1663 cum
1602 1604 1830 1663 duobus
1867 1604 1933 1662 in
1969 1603 2111 1663 locis

343 1700 784 1759 (111111181188111118
808 1700 1175 1776 maximeque
1202 1701 1446 1759 diversis
1484 1720 1604 1760 uno
1629 1702 1868 1759 consilio
1893 1720 1930 1759 a
1954 1701 2111 1771 bjnis

341 1797 601 1854 hostium
647 1795 828 1872 copiis
871 1794 1092 1853 bellum
1132 1802 1293 1854 terra
1334 1797 1599 1874 marique
1642 1804 1955 1873 gereretur,
2006 1816 2111 1856 vos

343 1893 588 1971 ancipiti
629 1892 1001 1951 contentione
1039 1892 1293 1952 districti
1334 1893 1407 1952 de
1447 1895 1691 1970 imperio
1736 1895 2105 1977 dimicagetis.

248 1995 320 2055 10
344 1993 460 2051 Sed
485 1998 684 2050 tamen
709 1991 953 2049 alterius
966 1991 1152 2066 partis
1175 1991 1515 2067 periculum,
1538 1991 1907 2050 Sertorianae
1931 1997 2109 2068 atque

344 2089 772 2167 Hispaniensis,
813 2107 962 2166 quae
993 2089 1180 2146 multo
1216 2088 1350 2164 plus
1387 2089 1741 2146 firmamenti
1779 2108 1848 2145 88
1886 2089 2109 2147 roboris

341 2186 613 2260 habebat,
645 2185 751 2243 Cn.
790 2184 1034 2260 Pompei
1066 2184 1268 2243 divino
1302 2185 1542 2243 consilio
1578 2204 1648 2243 ac
1682 2185 1966 2261 singulari
1996 2186 2108 2243 vir-

339 2286 474 2339 tute
500 2281 805 2357 depulsum
830 2286 946 2339 est:
985 2279 1051 2337 in
1075 2280 1263 2338 altera
1287 2288 1455 2357 parte
1468 2281 1555 2339 ita
1580 2301 1675 2340 res
1692 2301 1729 2339 a
1749 2282 1814 2342 L.
1840 2282 2101 2357 Lucullo,

342 2395 569 2435 summo
620 2376 765 2449 viro,
813 2382 904 2434 881
954 2375 1381 2448 administrata,
1427 2383 1497 2435 ut
1549 2377 1725 2435 initia
1767 2377 1872 2434 illa
1911 2396 2105 2434 rerum

341 2481 636 2552 gestarum
674 2493 888 2550 magna
926 2479 1105 2550 atque
1147 2474 1446 2550 praeclara
1488 2494 1611 2532 non
1653 2475 1924 2533 felicitati
1963 2474 2102 2548 eius,

343 2573 445 2631 sed
464 2571 690 2646 virtuti,
712 2571 854 2629 haec
872 2577 1072 2629 autem
1087 2576 1365 2645 extrema,
1382 2590 1531 2647 quae
1544 2591 1735 2648 nuper
1752 2572 2104 2643 aeciderunt,

341 2689 463 2727 non
513 2662 731 2743 culpae,
783 2668 887 2726 sed
937 2667 1211 2726 fortunae
1254 2668 1568 2728 tribuenda
1607 2687 1732 2730 8888
1777 2668 2104 2726 videantur.

342 2765 458 2825 Sed
483 2765 557 2823 de
582 2763 828 2821 Lucullo
855 2763 1044 2821 dicam
1068 2764 1185 2822 alio
1211 2765 1354 2838 1080,
1386 2770 1447 2821 81
1472 2764 1562 2822 ita
1585 2764 1792 2839 dicam,
1824 2765 2099 2839 Quirites,

342 2869 413 2921 ut
455 2880 645 2937 neque
690 2879 831 2917 vera
874 2860 1005 2918 laus
1026 2861 1100 2936 gi
1140 2861 1406 2919 detracta
1443 2862 1707 2920 oratione
1748 2882 1879 2921 mea
1918 2882 2107 2939 neque

342 2959 492 3018 falsa
515 2958 729 3017 adficta
755 2976 880 3015 esse
906 2957 1214 3015 videatur:
1256 2958 1329 3016 de
1354 2958 1539 3017 vestri
1563 2958 1795 3035 imperii
1820 2958 2106 3035 dignitate

341 3061 518 3131 atque
555 3054 756 3130 gloria,
794 3053 1070 3130 quoniam
1107 3053 1161 3111 is
1199 3059 1291 3112 est
1324 3072 1566 3113 exorsus
1603 3055 1885 3113 orationis
1921 3075 2099 3132 meae,

342 3146 538 3209 videte
565 3166 737 3223 quem
763 3148 930 3206 vobis
953 3147 1217 3205 animum
1244 3149 1675 3226 suscipiendum
1701 3150 1939 3230 putetis·

461 3241 539 3301 V.
609 3243 865 3301 Maiores
882 3244 1072 3302 nostri
1096 3263 1287 3321 saepe,
1312 3221 1854 3305 mercatoribus'i'fit
1872 3247 2105 3308 navicu-

341 3339 506 3399 lariis
528 3340 741 3398 vestris
754 3340 1094 3400 iniuriosius
1118 3340 1405 3414 tractatis,
1424 3340 1582 3400 bella
1605 3349 1939 3418 gesserunt:
1978 3362 2096 3417 vos,
