<?xml version="1.0" encoding="UTF-8"?>
<!DOCTYPE html PUBLIC "-//W3C//DTD XHTML 1.0 Transitional//EN"
    "http://www.w3.org/TR/xhtml1/DTD/xhtml1-transitional.dtd">
<html xmlns="http://www.w3.org/1999/xhtml" xml:lang="en" lang="en">
 <head>
  <title>
</title>
<meta http-equiv="Content-Type" content="text/html;charset=utf-8" />
  <meta name='ocr-system' content='tesseract 3.04.00' />
  <meta name='ocr-capabilities' content='ocr_page ocr_carea ocr_par ocr_line ocrx_word'/>
</head>
<body>
  <div class='ocr_page' id='page_1' title='image "./mtulliciceronis01wilkgoog_0059.png"; bbox 0 0 2382 3787; ppageno 0'>
   <div class='ocr_carea' id='block_1_1' title="bbox 697 803 1646 871">
    <p class='ocr_par' dir='ltr' id='par_1_1' title="bbox 697 803 1646 871">
     <span class='ocr_line' id='line_1_1' title="bbox 697 803 1646 871; baseline 0.003 -4"><span class='ocrx_word' id='word_1_1' title='bbox 697 803 784 869; x_wconf 89' lang='lat' dir='ltr'><strong>M.</strong></span> <span class='ocrx_word' id='word_1_2' title='bbox 842 804 1109 870; x_wconf 88' lang='lat' dir='ltr'>TULLI</span> <span class='ocrx_word' id='word_1_3' title='bbox 1167 804 1646 871; x_wconf 80' lang='lat' dir='ltr'>CICERONIS</span> 
     </span>
    </p>
   </div>
   <div class='ocr_carea' id='block_1_2' title="bbox 1139 995 1210 1032">
    <p class='ocr_par' dir='ltr' id='par_1_2' title="bbox 1139 995 1210 1032">
     <span class='ocr_line' id='line_1_2' title="bbox 1139 995 1210 1032; baseline 0 0"><span class='ocrx_word' id='word_1_4' title='bbox 1139 995 1210 1032; x_wconf 74' lang='lat' dir='ltr'><strong>DE</strong></span> 
     </span>
    </p>
   </div>
   <div class='ocr_carea' id='block_1_3' title="bbox 455 1145 1889 1247">
    <p class='ocr_par' dir='ltr' id='par_1_3' title="bbox 455 1145 1889 1247">
     <span class='ocr_line' id='line_1_3' title="bbox 455 1145 1889 1247; baseline 0.006 -8"><span class='ocrx_word' id='word_1_5' title='bbox 455 1145 948 1242; x_wconf 89' lang='lat' dir='ltr'>IMPERIO</span> <span class='ocrx_word' id='word_1_6' title='bbox 1018 1146 1385 1243; x_wconf 80' lang='lat' dir='ltr'>GNAEI</span> <span class='ocrx_word' id='word_1_7' title='bbox 1448 1149 1889 1247; x_wconf 89' lang='lat' dir='ltr'>POMPEI</span> 
     </span>
    </p>
   </div>
   <div class='ocr_carea' id='block_1_4' title="bbox 693 1344 1649 1416">
    <p class='ocr_par' dir='ltr' id='par_1_4' title="bbox 693 1344 1649 1416">
     <span class='ocr_line' id='line_1_4' title="bbox 693 1344 1649 1416; baseline 0.006 -15"><span class='ocrx_word' id='word_1_8' title='bbox 693 1344 1006 1403; x_wconf 86' lang='lat' dir='ltr'>ORATIO</span> <span class='ocrx_word' id='word_1_9' title='bbox 1060 1345 1184 1402; x_wconf 91' lang='lat' dir='ltr'><strong>AD</strong></span> <span class='ocrx_word' id='word_1_10' title='bbox 1240 1346 1649 1416; x_wconf 82' lang='lat' dir='ltr'>QUIRITES.</span> 
     </span>
    </p>
   </div>
   <div class='ocr_carea' id='block_1_5' title="bbox 285 1616 2107 3043">
    <p class='ocr_par' dir='ltr' id='par_1_5' title="bbox 285 1616 2107 3043">
     <span class='ocr_line' id='line_1_5' title="bbox 410 1616 2106 1697; baseline 0.001 -22"><span class='ocrx_word' id='word_1_11' title='bbox 410 1616 462 1676; x_wconf 90' lang='grc' dir='ltr'><strong>Ι.</strong></span> <span class='ocrx_word' id='word_1_12' title='bbox 546 1617 917 1694; x_wconf 82' lang='lat' dir='ltr'><strong>Quamquam</strong></span> <span class='ocrx_word' id='word_1_13' title='bbox 952 1617 1099 1676; x_wconf 87' lang='lat' dir='ltr'><strong>mihi</strong></span> <span class='ocrx_word' id='word_1_14' title='bbox 1139 1638 1368 1696; x_wconf 90' lang='lat' dir='ltr'><strong>semper</strong></span> <span class='ocrx_word' id='word_1_15' title='bbox 1405 1618 1679 1696; x_wconf 78' lang='lat' dir='ltr'><strong>frequens</strong></span> <span class='ocrx_word' id='word_1_16' title='bbox 1717 1627 2054 1697; x_wconf 76' lang='lat' dir='ltr'><strong>conspectus</strong></span> <span class='ocrx_word' id='word_1_17' title='bbox 2076 1620 2106 1676; x_wconf 95' lang='lat'>1</span> 
     </span>
     <span class='ocr_line' id='line_1_6' title="bbox 287 1713 2052 1791; baseline 0.002 -21"><span class='ocrx_word' id='word_1_18' title='bbox 287 1719 484 1771; x_wconf 75' lang='lat' dir='ltr'><strong>vester</strong></span> <span class='ocrx_word' id='word_1_19' title='bbox 510 1713 699 1772; x_wconf 90' lang='lat' dir='ltr'><strong>multo</strong></span> <span class='ocrx_word' id='word_1_20' title='bbox 732 1714 1200 1788; x_wconf 80' lang='lat' dir='ltr'><strong>iucundissimus,</strong></span> <span class='ocrx_word' id='word_1_21' title='bbox 1230 1715 1327 1773; x_wconf 76' lang='lat' dir='ltr'><strong>hie</strong></span> <span class='ocrx_word' id='word_1_22' title='bbox 1360 1721 1559 1773; x_wconf 89' lang='lat' dir='ltr'><strong>autem</strong></span> <span class='ocrx_word' id='word_1_23' title='bbox 1593 1715 1754 1774; x_wconf 86' lang='lat' dir='ltr'><strong>locus</strong></span> <span class='ocrx_word' id='word_1_24' title='bbox 1783 1715 1859 1773; x_wconf 86' lang='lat' dir='ltr'><strong>ad</strong></span> <span class='ocrx_word' id='word_1_25' title='bbox 1884 1734 2052 1791; x_wconf 86' lang='lat' dir='ltr'><strong>agen-</strong></span> 
     </span>
     <span class='ocr_line' id='line_1_7' title="bbox 287 1810 2047 1888; baseline 0.003 -21"><span class='ocrx_word' id='word_1_26' title='bbox 287 1810 432 1867; x_wconf 91' lang='lat' dir='ltr'><strong>dum</strong></span> <span class='ocrx_word' id='word_1_27' title='bbox 455 1810 861 1887; x_wconf 76' lang='lat' dir='ltr'><strong>amplissimuS,</strong></span> <span class='ocrx_word' id='word_1_28' title='bbox 890 1812 966 1870; x_wconf 86' lang='lat' dir='ltr'><strong>ad</strong></span> <span class='ocrx_word' id='word_1_29' title='bbox 993 1813 1303 1870; x_wconf 81' lang='lat' dir='ltr'><strong>dicendum</strong></span> <span class='ocrx_word' id='word_1_30' title='bbox 1328 1813 1846 1872; x_wconf 73' lang='lat' dir='ltr'><strong>ornatissimus‘est</strong></span> <span class='ocrx_word' id='word_1_31' title='bbox 1871 1815 2047 1888; x_wconf 79' lang='lat' dir='ltr'><strong>visus,</strong></span> 
     </span>
     <span class='ocr_line' id='line_1_8' title="bbox 288 1908 2062 1988; baseline 0.002 -23"><span class='ocrx_word' id='word_1_32' title='bbox 288 1908 567 1980; x_wconf 78' lang='lat' dir='ltr'><strong>Quirites,</strong></span> <span class='ocrx_word' id='word_1_33' title='bbox 595 1916 795 1967; x_wconf 84' lang='lat' dir='ltr'><strong>tamen</strong></span> <span class='ocrx_word' id='word_1_34' title='bbox 832 1908 941 1967; x_wconf 86' lang='lat' dir='ltr'><strong>hoe</strong></span> <span class='ocrx_word' id='word_1_35' title='bbox 979 1910 1147 1967; x_wconf 77' lang='lat' dir='ltr'><strong>aditu</strong></span> <span class='ocrx_word' id='word_1_36' title='bbox 1184 1910 1392 1985; x_wconf 74' lang='lat' dir='ltr'><strong>laudis,</strong></span> <span class='ocrx_word' id='word_1_37' title='bbox 1426 1911 1529 1988; x_wconf 82' lang='lat' dir='ltr'><strong>qui</strong></span> <span class='ocrx_word' id='word_1_38' title='bbox 1567 1930 1793 1987; x_wconf 78' lang='lat' dir='ltr'>semper</span> <span class='ocrx_word' id='word_1_39' title='bbox 1830 1911 2062 1987; x_wconf 84' lang='lat' dir='ltr'><strong>optimo·</strong></span> 
     </span>
     <span class='ocr_line' id='line_1_9' title="bbox 287 1987 2042 2083; baseline 0.002 -21"><span class='ocrx_word' id='word_1_40' title='bbox 287 1987 496 2082; x_wconf 79' lang='lat' dir='ltr'><strong>cuique</strong></span> <span class='ocrx_word' id='word_1_41' title='bbox 536 2006 790 2063; x_wconf 86' lang='lat' dir='ltr'><strong>maxime</strong></span> <span class='ocrx_word' id='word_1_42' title='bbox 829 2006 1039 2082; x_wconf 88' lang='lat' dir='ltr'><strong>patuit,</strong></span> <span class='ocrx_word' id='word_1_43' title='bbox 1073 2025 1196 2063; x_wconf 86' lang='lat' dir='ltr'><strong>non</strong></span> <span class='ocrx_word' id='word_1_44' title='bbox 1233 2026 1364 2064; x_wconf 89' lang='lat' dir='ltr'><strong>mea</strong></span> <span class='ocrx_word' id='word_1_45' title='bbox 1402 2026 1496 2065; x_wconf 89' lang='lat' dir='ltr'><strong>me</strong></span> <span class='ocrx_word' id='word_1_46' title='bbox 1534 2008 1808 2066; x_wconf 82' lang='lat' dir='ltr'><strong>voluntas</strong></span> <span class='ocrx_word' id='word_1_47' title='bbox 1837 2008 2042 2083; x_wconf 83' lang='lat' dir='ltr'><strong>adhue,</strong></span> 
     </span>
     <span class='ocr_line' id='line_1_10' title="bbox 287 2099 2052 2178; baseline 0.003 -22"><span class='ocrx_word' id='word_1_48' title='bbox 287 2099 390 2156; x_wconf 84' lang='lat' dir='ltr'><strong>sed</strong></span> <span class='ocrx_word' id='word_1_49' title='bbox 435 2099 593 2157; x_wconf 83' lang='lat' dir='ltr'><strong>vitae</strong></span> <span class='ocrx_word' id='word_1_50' title='bbox 638 2118 801 2158; x_wconf 88' lang='lat' dir='ltr'><strong>meae</strong></span> <span class='ocrx_word' id='word_1_51' title='bbox 833 2100 1091 2157; x_wconf 86' lang='lat' dir='ltr'><strong>rationes</strong></span> <span class='ocrx_word' id='word_1_52' title='bbox 1127 2100 1204 2156; x_wconf 85' lang='lat' dir='ltr'><strong>ab</strong></span> <span class='ocrx_word' id='word_1_53' title='bbox 1242 2101 1485 2159; x_wconf 87' lang='lat' dir='ltr'><strong>ineunte</strong></span> <span class='ocrx_word' id='word_1_54' title='bbox 1522 2107 1714 2159; x_wconf 85' lang='lat' dir='ltr'><strong>aetate</strong></span> <span class='ocrx_word' id='word_1_55' title='bbox 1753 2109 2052 2178; x_wconf 75' lang='lat' dir='ltr'><strong>susceptae</strong></span> 
     </span>
     <span class='ocr_line' id='line_1_11' title="bbox 288 2195 2060 2273; baseline 0.003 -21"><span class='ocrx_word' id='word_1_56' title='bbox 288 2195 727 2270; x_wconf 86' lang='lat' dir='ltr'><strong>prohibuerunt.</strong></span> <span class='ocrx_word' id='word_1_57' title='bbox 810 2195 970 2253; x_wconf 85' lang='lat' dir='ltr'><strong>Nam</strong></span> <span class='ocrx_word' id='word_1_58' title='bbox 1001 2215 1135 2255; x_wconf 86' lang='lat' dir='ltr'><strong>eum</strong></span> <span class='ocrx_word' id='word_1_59' title='bbox 1171 2203 1349 2254; x_wconf 84' lang='lat' dir='ltr'><strong>antea</strong></span> <span class='ocrx_word' id='word_1_60' title='bbox 1382 2216 1487 2273; x_wconf 90' lang='lat' dir='ltr'><strong>per</strong></span> <span class='ocrx_word' id='word_1_61' title='bbox 1510 2202 1763 2255; x_wconf 85' lang='lat' dir='ltr'><strong>aetatem</strong></span> <span class='ocrx_word' id='word_1_62' title='bbox 1789 2198 2060 2261; x_wconf 77' lang='lat' dir='ltr'><strong>nondum.</strong></span> 
     </span>
     <span class='ocr_line' id='line_1_12' title="bbox 286 2290 2054 2371; baseline 0.002 -24"><span class='ocrx_word' id='word_1_63' title='bbox 286 2290 464 2351; x_wconf 89' lang='lat' dir='ltr'><strong>huius</strong></span> <span class='ocrx_word' id='word_1_64' title='bbox 478 2292 886 2350; x_wconf 81' lang='lat' dir='ltr'><strong>auctoritatem</strong></span> <span class='ocrx_word' id='word_1_65' title='bbox 900 2293 1012 2350; x_wconf 86' lang='lat' dir='ltr'><strong>loci</strong></span> <span class='ocrx_word' id='word_1_66' title='bbox 1026 2294 1316 2369; x_wconf 84' lang='lat' dir='ltr'><strong>attingere</strong></span> <span class='ocrx_word' id='word_1_67' title='bbox 1330 2294 1604 2350; x_wconf 81' lang='lat' dir='ltr'><strong>auderem</strong></span> <span class='ocrx_word' id='word_1_68' title='bbox 1620 2298 2054 2371; x_wconf 72' lang='lat' dir='ltr'><strong>statueremque</strong></span> 
     </span>
     <span class='ocr_line' id='line_1_13' title="bbox 285 2367 2050 2464; baseline 0.001 -21"><span class='ocrx_word' id='word_1_69' title='bbox 285 2386 438 2443; x_wconf 72' lang='lat' dir='ltr'><strong>nihil</strong></span> <span class='ocrx_word' id='word_1_70' title='bbox 461 2386 578 2445; x_wconf 74' lang='lat' dir='ltr'><strong>huc</strong></span> <span class='ocrx_word' id='word_1_71' title='bbox 601 2367 1066 2464; x_wconf 53' lang='lat' dir='ltr'><strong>nisi&#39;ffrfectum</strong></span> <span class='ocrx_word' id='word_1_72' title='bbox 1091 2389 1343 2464; x_wconf 80' lang='lat' dir='ltr'><strong>ingenio,</strong></span> <span class='ocrx_word' id='word_1_73' title='bbox 1373 2389 1733 2447; x_wconf 76' lang='lat' dir='ltr'><strong>elaboratum</strong></span> <span class='ocrx_word' id='word_1_74' title='bbox 1757 2387 2050 2447; x_wconf 70' lang='lat' dir='ltr'><strong>industria</strong></span> 
     </span>
     <span class='ocr_line' id='line_1_14' title="bbox 286 2473 2050 2562; baseline 0 -20"><span class='ocrx_word' id='word_1_75' title='bbox 286 2484 505 2542; x_wconf 86' lang='lat' dir='ltr'><strong>adferri</strong></span> <span class='ocrx_word' id='word_1_76' title='bbox 539 2493 821 2561; x_wconf 87' lang='lat' dir='ltr'><strong>oportere,</strong></span> <span class='ocrx_word' id='word_1_77' title='bbox 855 2505 1026 2545; x_wconf 86' lang='lat' dir='ltr'><strong>omne</strong></span> <span class='ocrx_word' id='word_1_78' title='bbox 1064 2506 1259 2545; x_wconf 91' lang='lat' dir='ltr'><strong>meum</strong></span> <span class='ocrx_word' id='word_1_79' title='bbox 1296 2492 1528 2562; x_wconf 91' lang='lat' dir='ltr'><strong>tempus</strong></span> <span class='ocrx_word' id='word_1_80' title='bbox 1556 2485 1873 2544; x_wconf 82' lang='lat' dir='ltr'><strong>amicorum</strong></span> <span class='ocrx_word' id='word_1_81' title='bbox 1906 2473 2050 2543; x_wconf 83' lang='lat' dir='ltr'><strong>tem-</strong></span> 
     </span>
     <span class='ocr_line' id='line_1_15' title="bbox 286 2582 2107 2659; baseline 0 -21"><span class='ocrx_word' id='word_1_82' title='bbox 286 2582 527 2656; x_wconf 89' lang='lat' dir='ltr'><strong>poribus</strong></span> <span class='ocrx_word' id='word_1_83' title='bbox 555 2583 1073 2641; x_wconf 86' lang='lat' dir='ltr'><strong>transmittendum</strong></span> <span class='ocrx_word' id='word_1_84' title='bbox 1109 2583 1333 2659; x_wconf 84' lang='lat' dir='ltr'><strong>putavi.</strong></span> <span class='ocrx_word' id='word_1_85' title='bbox 1415 2582 1517 2640; x_wconf 88' lang='lat' dir='ltr'><strong>Ita</strong></span> <span class='ocrx_word' id='word_1_86' title='bbox 1546 2582 1862 2659; x_wconf 59' lang='lat' dir='ltr'><strong>neque⁴‘hie</strong></span> <span class='ocrx_word' id='word_1_87' title='bbox 1887 2582 2047 2639; x_wconf 85' lang='lat' dir='ltr'><strong>loeus</strong></span> <span class='ocrx_word' id='word_1_88' title='bbox 2071 2591 2107 2649; x_wconf 87' lang='lat'><strong>2</strong></span> 
     </span>
     <span class='ocr_line' id='line_1_16' title="bbox 287 2676 2048 2754; baseline 0 -22"><span class='ocrx_word' id='word_1_89' title='bbox 287 2693 507 2733; x_wconf 77' lang='lat' dir='ltr'><strong>vacuus</strong></span> <span class='ocrx_word' id='word_1_90' title='bbox 544 2696 822 2754; x_wconf 88' lang='lat' dir='ltr'><strong>umquam</strong></span> <span class='ocrx_word' id='word_1_91' title='bbox 852 2678 978 2735; x_wconf 51' lang='lat' dir='ltr'><strong>*fuit</strong></span> <span class='ocrx_word' id='word_1_92' title='bbox 1012 2678 1088 2735; x_wconf 91' lang='lat' dir='ltr'><strong>ab</strong></span> <span class='ocrx_word' id='word_1_93' title='bbox 1123 2678 1215 2752; x_wconf 85' lang='lat' dir='ltr'><strong>iis,</strong></span> <span class='ocrx_word' id='word_1_94' title='bbox 1255 2678 1357 2754; x_wconf 82' lang='lat' dir='ltr'><strong>qui</strong></span> <span class='ocrx_word' id='word_1_95' title='bbox 1395 2683 1650 2735; x_wconf 82' lang='lat' dir='ltr'><strong>vestram</strong></span> <span class='ocrx_word' id='word_1_96' title='bbox 1684 2696 1915 2735; x_wconf 83' lang='lat' dir='ltr'><strong>eausam</strong></span> <span class='ocrx_word' id='word_1_97' title='bbox 1954 2676 2048 2732; x_wconf 87' lang='lat' dir='ltr'><strong>de-</strong></span> 
     </span>
     <span class='ocr_line' id='line_1_17' title="bbox 286 2771 2047 2851; baseline -0.001 -21"><span class='ocrx_word' id='word_1_98' title='bbox 286 2771 612 2845; x_wconf 82' lang='lat' dir='ltr'><strong>fenderent,</strong></span> <span class='ocrx_word' id='word_1_99' title='bbox 633 2780 694 2831; x_wconf 90' lang='lat' dir='ltr'><strong>et</strong></span> <span class='ocrx_word' id='word_1_100' title='bbox 719 2793 885 2832; x_wconf 86' lang='lat' dir='ltr'><strong>meus</strong></span> <span class='ocrx_word' id='word_1_101' title='bbox 907 2774 1087 2849; x_wconf 84' lang='lat' dir='ltr'><strong>labor,</strong></span> <span class='ocrx_word' id='word_1_102' title='bbox 1113 2775 1180 2832; x_wconf 87' lang='lat' dir='ltr'><strong>in</strong></span> <span class='ocrx_word' id='word_1_103' title='bbox 1205 2776 1569 2851; x_wconf 85' lang='lat' dir='ltr'><strong>privatorum</strong></span> <span class='ocrx_word' id='word_1_104' title='bbox 1595 2773 1867 2851; x_wconf 85' lang='lat' dir='ltr'><strong>perieulis</strong></span> <span class='ocrx_word' id='word_1_105' title='bbox 1890 2778 2047 2830; x_wconf 77' lang='lat' dir='ltr'><strong>caste</strong></span> 
     </span>
     <span class='ocr_line' id='line_1_18' title="bbox 285 2868 2048 2945; baseline 0.001 -21"><span class='ocrx_word' id='word_1_106' title='bbox 285 2868 626 2945; x_wconf 86' lang='lat' dir='ltr'><strong>integreque</strong></span> <span class='ocrx_word' id='word_1_107' title='bbox 673 2876 956 2942; x_wconf 83' lang='lat' dir='ltr'><strong>versatus,</strong></span> <span class='ocrx_word' id='word_1_108' title='bbox 1003 2889 1079 2928; x_wconf 83' lang='lat' dir='ltr'><strong>ex</strong></span> <span class='ocrx_word' id='word_1_109' title='bbox 1130 2876 1327 2928; x_wconf 89' lang='lat' dir='ltr'><strong>vestro</strong></span> <span class='ocrx_word' id='word_1_110' title='bbox 1377 2870 1596 2929; x_wconf 84' lang='lat' dir='ltr'><strong>iudicio</strong></span> <span class='ocrx_word' id='word_1_111' title='bbox 1646 2869 1905 2927; x_wconf 79' lang='lat' dir='ltr'><strong>fructum</strong></span> <span class='ocrx_word' id='word_1_112' title='bbox 1956 2874 2048 2926; x_wconf 87' lang='lat' dir='ltr'><strong>est</strong></span> 
     </span>
     <span class='ocr_line' id='line_1_19' title="bbox 285 2961 2047 3043; baseline -0.002 -20"><span class='ocrx_word' id='word_1_113' title='bbox 285 2967 708 3042; x_wconf 83' lang='lat' dir='ltr'><strong>amplissimum</strong></span> <span class='ocrx_word' id='word_1_114' title='bbox 722 2973 1077 3026; x_wconf 76' lang='lat' dir='ltr'><strong>consecutus.</strong></span> <span class='ocrx_word' id='word_1_115' title='bbox 1126 2967 1190 3024; x_wconf 82' lang='lat' dir='ltr'>N</span> <span class='ocrx_word' id='word_1_116' title='bbox 1190 2987 1288 3024; x_wconf 88' lang='lat' dir='ltr'><strong>am</strong></span> <span class='ocrx_word' id='word_1_117' title='bbox 1306 2986 1437 3025; x_wconf 86' lang='lat' dir='ltr'><strong>eum</strong></span> <span class='ocrx_word' id='word_1_118' title='bbox 1454 2970 1691 3043; x_wconf 89' lang='lat' dir='ltr'><strong>propter</strong></span> <span class='ocrx_word' id='word_1_119' title='bbox 1708 2961 2047 3021; x_wconf 86' lang='lat' dir='ltr'><strong>dilationem</strong></span> 
     </span>
    </p>
   </div>
   <div class='ocr_carea' id='block_1_6' title="bbox 172 3059 2047 3141">
    <p class='ocr_par' dir='ltr' id='par_1_6' title="bbox 172 3059 2047 3141">
     <span class='ocr_line' id='line_1_20' title="bbox 172 3059 2047 3141; baseline -0.001 -21"><span class='ocrx_word' id='word_1_120' title='bbox 172 3098 183 3107; x_wconf 84' lang='lat'><strong><em>.</em></strong></span> <span class='ocrx_word' id='word_1_121' title='bbox 287 3063 656 3122; x_wconf 75' lang='lat' dir='ltr'><strong>comitiorum</strong></span> <span class='ocrx_word' id='word_1_122' title='bbox 694 3069 789 3121; x_wconf 83' lang='lat' dir='ltr'><strong>ter</strong></span> <span class='ocrx_word' id='word_1_123' title='bbox 828 3069 1065 3141; x_wconf 87' lang='lat' dir='ltr'><strong>praetor</strong></span> <span class='ocrx_word' id='word_1_124' title='bbox 1101 3064 1327 3139; x_wconf 87' lang='lat' dir='ltr'><strong>primus</strong></span> <span class='ocrx_word' id='word_1_125' title='bbox 1371 3062 1650 3121; x_wconf 84' lang='lat' dir='ltr'><strong>centuriis</strong></span> <span class='ocrx_word' id='word_1_126' title='bbox 1693 3059 1920 3118; x_wconf 83' lang='lat' dir='ltr'><strong>eunetis</strong></span> <span class='ocrx_word' id='word_1_127' title='bbox 1962 3079 2047 3119; x_wconf 89' lang='lat' dir='ltr'><strong>re·</strong></span> 
     </span>
    </p>
   </div>
   <div class='ocr_carea' id='block_1_7' title="bbox 283 3156 2050 3430">
    <p class='ocr_par' dir='ltr' id='par_1_7' title="bbox 283 3156 2050 3430">
     <span class='ocr_line' id='line_1_21' title="bbox 284 3156 2048 3236; baseline -0.002 -19"><span class='ocrx_word' id='word_1_128' title='bbox 284 3161 595 3218; x_wconf 83' lang='lat' dir='ltr'><strong>nuntiatus</strong></span> <span class='ocrx_word' id='word_1_129' title='bbox 621 3180 767 3236; x_wconf 90' lang='lat' dir='ltr'><strong>sum,</strong></span> <span class='ocrx_word' id='word_1_130' title='bbox 801 3160 970 3218; x_wconf 78' lang='lat' dir='ltr'><strong>facile</strong></span> <span class='ocrx_word' id='word_1_131' title='bbox 995 3160 1278 3234; x_wconf 83' lang='lat' dir='ltr'><strong>intellexi,</strong></span> <span class='ocrx_word' id='word_1_132' title='bbox 1298 3160 1573 3233; x_wconf 79' lang='lat' dir='ltr'><strong>Quirites,</strong></span> <span class='ocrx_word' id='word_1_133' title='bbox 1599 3164 1661 3216; x_wconf 89' lang='lat' dir='ltr'><strong>et</strong></span> <span class='ocrx_word' id='word_1_134' title='bbox 1687 3157 1828 3233; x_wconf 83' lang='lat' dir='ltr'><strong>quid</strong></span> <span class='ocrx_word' id='word_1_135' title='bbox 1854 3156 1930 3214; x_wconf 89' lang='lat' dir='ltr'><strong>de</strong></span> <span class='ocrx_word' id='word_1_136' title='bbox 1951 3176 2048 3214; x_wconf 90' lang='lat' dir='ltr'><strong>me</strong></span> 
     </span>
     <span class='ocr_line' id='line_1_22' title="bbox 283 3252 2046 3345; baseline -0.001 -33"><span class='ocrx_word' id='word_1_137' title='bbox 283 3254 622 3312; x_wconf 80' lang='lat' dir='ltr'><strong>iudicaretis</strong></span> <span class='ocrx_word' id='word_1_138' title='bbox 658 3262 720 3313; x_wconf 91' lang='lat' dir='ltr'><strong>et</strong></span> <span class='ocrx_word' id='word_1_139' title='bbox 758 3256 902 3333; x_wconf 82' lang='lat' dir='ltr'><strong>quid</strong></span> <span class='ocrx_word' id='word_1_140' title='bbox 939 3255 1073 3312; x_wconf 83' lang='lat' dir='ltr'><strong>aliis</strong></span> <span class='ocrx_word' id='word_1_141' title='bbox 1117 3254 1596 3345; x_wconf 57' lang='lat' dir='ltr'><strong>pmffin‘beretis</strong></span> <span class='ocrx_word' id='word_1_142' title='bbox 1678 3252 1873 3324; x_wconf 81' lang='lat' dir='ltr'><strong>Nune,</strong></span> <span class='ocrx_word' id='word_1_143' title='bbox 1914 3271 2046 3310; x_wconf 83' lang='lat' dir='ltr'><strong>eum</strong></span> 
     </span>
     <span class='ocr_line' id='line_1_23' title="bbox 283 3349 2050 3430; baseline -0.003 -18"><span class='ocrx_word' id='word_1_144' title='bbox 283 3358 347 3412; x_wconf 82' lang='lat' dir='ltr'><strong>et</strong></span> <span class='ocrx_word' id='word_1_145' title='bbox 368 3354 740 3416; x_wconf 81' lang='lat' dir='ltr'><strong>auctoritatis</strong></span> <span class='ocrx_word' id='word_1_146' title='bbox 776 3355 843 3413; x_wconf 86' lang='lat' dir='ltr'><strong>in</strong></span> <span class='ocrx_word' id='word_1_147' title='bbox 866 3373 960 3414; x_wconf 91' lang='lat' dir='ltr'><strong>me</strong></span> <span class='ocrx_word' id='word_1_148' title='bbox 985 3359 1224 3413; x_wconf 87' lang='lat' dir='ltr'><strong>tantum</strong></span> <span class='ocrx_word' id='word_1_149' title='bbox 1248 3353 1344 3425; x_wconf 82' lang='lat' dir='ltr'><strong>sit,</strong></span> <span class='ocrx_word' id='word_1_150' title='bbox 1373 3357 1660 3430; x_wconf 81' lang='lat' dir='ltr'><strong>quantum</strong></span> <span class='ocrx_word' id='word_1_151' title='bbox 1690 3369 1796 3410; x_wconf 81' lang='lat' dir='ltr'><strong>vos</strong></span> <span class='ocrx_word' id='word_1_152' title='bbox 1819 3349 2050 3409; x_wconf 86' lang='lat' dir='ltr'><strong>honori·</strong></span> 
     </span>
    </p>
   </div>
  </div>
 </body>
</html>
