2382 3787
585 214 706 278 DE
755 219 1123 280 IMPERIO
1182 219 1310 279 CN.
1369 219 1711 291 POMPEI.
1837 228 1842 233 ’
1958 223 2035 280 23

266 367 458 441 locum
486 382 805 452 escendere,
829 401 961 439 cum
989 401 1122 439 eum
1148 381 1317 438 nobis
1334 380 1580 437 maiores
1599 379 1787 437 nostri
1807 379 2037 437 exuviis

267 481 521 540 nauticis
547 487 609 538 et
635 480 908 537 classium
934 480 1134 555 spoliis
1159 485 1436 537 ornatum
1461 478 1847 561 reliquissent.

386 576 568 634 XIX.
653 576 820 634 Bono
858 582 921 633 te
954 576 1150 633 animo
1177 581 1322 646 tum,
1354 576 1422 645 Q.
1455 575 1758 645 Hortensi,
1786 574 2036 650 populus
2063 568 2137 626 56

268 673 573 731 Romanus
615 679 676 730 et
717 679 952 744 ceteros,
1002 673 1105 748 qui
1151 678 1320 732 erant
1367 673 1431 730 in
1478 673 1680 730 eadem
1726 671 2035 740 sententia,

267 771 459 829 dicere
499 769 861 826 existimavit
901 787 969 825 ea
1007 787 1158 844 quae
1198 768 1553 838 sentiebatis,
1597 768 1698 825 sed
1737 773 1936 824 tamen
1974 766 2039 822 in

267 867 459 925 salute
501 866 793 923 communi
844 866 1000 923 idem
1045 866 1297 941 populus
1342 866 1648 923 Romanus
1699 865 1887 923 dolori
1932 884 2038 923 suo

266 964 479 1021 maluit
506 983 681 1039 quam
707 963 1045 1020 auctoritati
1070 969 1301 1021 vestrae
1329 964 1742 1039 obtemperare.
1827 963 2040 1037 Itaque

269 1078 390 1117 una
440 1060 554 1132 lex,
603 1079 757 1116 unus
802 1043 910 1129 vir,
954 1078 1109 1117 unus
1160 1080 1351 1118 annus
1392 1079 1512 1117 non
1554 1060 1726 1117 modo
1777 1077 1886 1116 nos
1937 1059 2041 1115 illa

268 1156 504 1213 miseria
542 1175 610 1213 ac
647 1155 1016 1231 turpitudine
1054 1156 1345 1226 liberavit,
1384 1156 1486 1214 sed
1518 1150 1697 1213 etiam
1734 1156 1939 1224 effecit,
1969 1161 2041 1212 ut

266 1252 585 1329 aliquando
610 1270 747 1309 vere
767 1253 1098 1309 videremur
1123 1253 1393 1309 omnibus
1407 1252 1680 1327 gentibus
1698 1271 1766 1309 ac
1791 1250 2040 1308 nationi-

270 1348 381 1404 bus
399 1353 559 1404 terra
576 1347 839 1437 marique
854 1348 1154 1423 imperare.
1228 1348 1358 1417 Quo
1378 1348 1524 1404 mihi
1544 1348 1722 1405 etiam
1740 1346 2039 1421 indignius
2066 1350 2140 1408 57

273 1440 510 1497 videtur
548 1441 937 1497 obtrectatum
977 1460 1100 1498 esse
1131 1441 1337 1511 adhuc,
1376 1442 1628 1499 Gabinio
1664 1441 1852 1498 dicam
1886 1459 2039 1496 anne

273 1535 552 1612 Pompeio
579 1557 657 1597 an
691 1538 943 1614 utrique,
972 1539 1036 1596 id
1071 1539 1229 1613 quod
1270 1522 1361 1597 est
1396 1540 1609 1610 veriuS,
1638 1559 1714 1596 ne
1747 1539 2041 1613 legaretur

274 1632 351 1689 Α.
409 1632 696 1690 Gabinius
750 1633 854 1690 On.
901 1633 1179 1709 Pompeio
1213 1626 1528 1713 *expetenti
1579 1653 1647 1691 ac
1698 1632 2037 1707 postulanti.

268 1726 500 1786 Utrum
537 1729 653 1800 ille,
696 1731 799 1805 qui
837 1731 1097 1806 postulat
1135 1731 1212 1788 ad
1252 1736 1488 1788 tantum
1527 1731 1747 1788 bellum
1784 1729 2042 1804 legatum

272 1843 448 1900 quem
477 1826 637 1896 velit,
669 1826 912 1883 idoneus
953 1820 1077 1884 non'
1106 1833 1197 1884 est
1230 1828 1334 1904 qui
1372 1829 1664 1905 impetret,
1695 1846 1825 1884 cum
1865 1825 2043 1882 ceteri

275 1921 353 1978 ad
398 1922 739 1997 expilandos
781 1923 963 1980 socios
1009 1922 1480 1998 diripiendasque
1524 1923 1853 1998 provincias
1899 1939 2045 1996 quos

275 2017 590 2074 voluerunt
627 2017 849 2092 legatos
884 2019 1211 2091 eduxerint,
1241 2040 1319 2077 an
1358 2021 1496 2095 ipse,
1527 2020 1692 2076 cuius
1726 2019 1852 2092 lege
1887 2017 2045 2074 salus

263 2131 344 2170 ·ac
381 2112 638 2187 dignitas
676 2114 891 2189 populo
932 2114 1201 2171 Romano
1241 2122 1419 2190 atque
1458 2116 1727 2172 omnibus
1771 2114 2046 2189 gentibus

275 2209 598 2267 constituta
624 2215 727 2280 est,
752 2229 958 2286 expers
975 2230 1097 2269 esse
1114 2211 1287 2269 debet
1302 2212 1519 2286 gloriae
1535 2213 1660 2269 eius
1678 2210 2046 2287 imperatoris

170 2309 175 2314 ’
274 2312 454 2381 atque
481 2307 607 2363 eius
634 2307 936 2377 exercituS,
967 2309 1070 2384 qui
1096 2309 1336 2365 consilio
1372 2309 1555 2384 ipsius
1581 2329 1648 2366 ac
1674 2308 1928 2384 periculo
1955 2313 2045 2363 est

276 2402 671 2476 constitutus?
700 2423 716 2440 ·
750 2403 856 2459 An
883 2403 944 2460 O.
966 2403 1276 2473 Falcidius,
1300 2404 1367 2473 Q.
1394 2404 1686 2473 MetelluS,
1712 2403 1780 2472 Q.
1812 2401 2043 2460 Caelius
2069 2395 2141 2453 58

276 2496 648 2569 Latiniensis,
692 2498 796 2556 On.
833 2499 1136 2570 Lentulus,
1176 2519 1322 2575 quos
1360 2520 1559 2558 omnes
1596 2500 1834 2557 honoris
1872 2517 2046 2556 causa

276 2594 532 2666 nominc,
563 2615 695 2652 cum
729 2597 954 2653 tribuni
981 2598 1056 2673 pl.
1088 2598 1355 2669 fuissent,
1384 2618 1541 2656 anno
1574 2599 1841 2674 proximo
1866 2598 2046 2673 legati

277 2709 402 2747 esse
432 2696 786 2766 potuerunt:
826 2693 891 2749 in
929 2713 1048 2750 uno
1090 2694 1342 2751 Gabinio
1382 2700 1522 2751 sunt
1559 2700 1685 2751 tam
1721 2694 2048 2768 diligentes,

277 2787 382 2860 qui
407 2788 471 2844 in
497 2788 607 2845 hoc
630 2788 800 2859 bello,
830 2790 986 2864 quod
1020 2790 1148 2864 lege
1174 2789 1428 2848 Gabinia
1453 2791 1691 2865 geritur,
1720 2791 1786 2847 in
1810 2789 1919 2846 hoc
1944 2790 2047 2845 im-

277 2889 548 2957 peratore
573 2889 754 2958 atque,
777 2885 1052 2954 exercitu,
1083 2904 1256 2960 quem
1288 2905 1393 2961 per
1427 2905 1533 2943 vos
1566 2887 1691 2961 ipse
1721 2886 2045 2954 constituit,

279 2980 459 3037 etiam
497 2981 808 3056 praecipuo
840 2980 967 3037 iure
1002 3000 1127 3038 esse
1162 2982 1436 3039 deberet?
1514 2981 1608 3038 De
1648 2999 1763 3056 quo
1801 2980 2048 3054 legando

278 3077 542 3135 consules
568 3096 736 3153 spero
761 3077 838 3135 ad
858 3083 1125 3135 senatum
1141 3078 1463 3135 relaturos:
1503 3076 1605 3152 qui
1625 3077 1674 3133 si
1692 3075 2050 3142 dubitath

278 3177 386 3229 aut
429 3172 846 3247 gravabuntur,
889 3193 994 3248 ego
1033 3193 1126 3230 me
1164 3174 1442 3249 profiteor
1480 3174 1817 3242 relaturum,
1859 3191 2049 3250 neque

278 3286 374 3324 me
399 3267 680 3343 impediet
706 3270 1047 3344 cuiusquam
1073 3270 1377 3326 inimicum
1408 3269 1679 3341 edictum,
1710 3288 1825 3344 quo
1851 3268 2048 3326 minus

278 3362 467 3423 fretus
521 3365 686 3422 vobis
737 3370 998 3422 vestrum
1050 3365 1145 3423 ius
1194 3364 1653 3439 beneficiumque
1719 3362 2046 3435 defendam,
