2382 3787
344 252 416 309 16
661 250 784 308 DE'
830 248 1197 308 IMPERIO
1251 247 1376 309 GN.
1436 247 1778 313 POMPEI.

339 408 608 482 cogitare,
666 407 768 482 qui
819 407 1126 482 pecuniam
1179 424 1256 463 ex
1307 405 1532 463 aerario
1578 405 1982 488 depromptam
2033 406 2117 465 ad.

339 504 559 561 bellum
590 501 1124 559 administrandum
1157 506 1266 558 aut
1303 507 1545 577 propter
1575 501 1958 576 cupiditatem
1983 520 2113 576 pro-

340 600 566 656 vinciae
600 596 1040 672 magistratibus
1075 596 1345 659 diviserit
1383 601 1490 660 aut
1523 601 1765 671 propter
1801 597 2113 656 avaritiam

341 695 566 752 Romae
591 694 657 750 in
692 699 939 770 quaestu
978 692 1319 768 reliquerit?
1396 691 1617 753 Vestra
1650 691 2116 751 admurmuratio

341 790 498 861 facit,
557 789 831 861 Quirites,
888 795 958 848 ut
1023 772 1333 864 agnoscere
1399 788 1735 859 videamini,
1804 790 1906 865 qui
1969 789 2114 847 haec

342 886 623 944 fecerint:
677 905 783 962 ego
820 892 1018 947 autem
1071 885 1312 950 nomino
1351 886 1669 958 neminem3
1726 904 1905 962 quare
1941 886 2116 944 irasci

342 982 490 1040 mihi
514 1000 686 1040 nemo
712 983 944 1058 poterit,
963 981 1080 1037 nisi
1107 981 1210 1057 qui
1235 987 1374 1038 ante
1391 981 1462 1045 de
1483 1000 1544 1038 se
1560 981 1813 1039 voluerit
1831 982 2110 1041 confiteri„

343 1079 558 1155 Itaque
595 1084 836 1154 propter
871 1078 1024 1136 hanc
1062 1077 1375 1135 avaritiam
1412 1078 1831 1152 imperatorum
1863 1083 2116 1154 quantas

345 1173 722 1244 calamitates,
763 1192 1126 1249 quocumque
1165 1179 1411 1230 ventum
1451 1179 1556 1246 est,
1598 1174 1786 1236 nostri
1826 1172 2120 1236 exercitus

196 1309 203 1314 -
246 1279 321 1337 38
347 1266 558 1340 ferant,
585 1266 717 1349 quis
741 1266 1004 1340 ignorat?
1081 1265 1325 1336 Itinera,
1348 1286 1497 1349 quae
1523 1287 1628 1343 per
1651 1267 1823 1326 hosce
1848 1285 2036 1325 annos
2050 1266 2116 1322 in

347 1361 528 1419 Italia
579 1381 685 1438 per
735 1381 906 1436 agros
957 1367 1136 1437 atque
1189 1363 1407 1438 oppida
1451 1362 1667 1423 civium
1714 1363 2115 1427 Romanorum

347 1461 537 1518 nostri
561 1460 945 1535 imperatores
973 1459 1235 1533 fecerint,
1269 1458 1682 1524 recordamini:
1722 1464 1853 1519 tum
1887 1458 2118 1520 facilius

349 1555 637 1626 statuetis,
669 1553 812 1631 quid
837 1553 997 1629 apud
1023 1560 1258 1613 exteras,
1280 1554 1549 1619 nationes
1583 1554 1712 1618 fieri
1750 1553 2112 1618 existimetis.

349 1650 576 1708 Utrum
617 1635 815 1725 plures
859 1649 1231 1711 arbitramini
1255 1686 1262 1701 ‚
1273 1668 1380 1725 per
1423 1648 1594 1711 hosce
1636 1668 1825 1710 annos
1861 1650 2116 1707 militum

348 1752 679 1802 vestrorum
712 1745 892 1802 armis
929 1744 1189 1809 hostium
1224 1745 1399 1804 urbes
1432 1764 1512 1802 an
1546 1745 1807 1810 hibernis
1832 1746 2118 1803 sociorum

310 1876 315 1879 -
350 1841 619 1899 civitates
646 1858 768 1904 esse
796 1839 1046 1899 deletas‘l
1120 1840 1336 1917 Neque
1374 1841 1531 1900 enim
1569 1848 1764 1918 potest
1798 1843 2116 1904 exercitum

348 1938 402 1995 is
428 1937 726 1994 continere
751 1937 1085 2012 imperator,
1112 1937 1215 2012 qui
1240 1956 1302 1996 se
1327 1938 1452 2013 ipse
1477 1922 1599 2001 non
1624 1938 1901 2010 continet,
1925 1957 2119 2014 neque

351 2049 588 2090 severus
622 2050 745 2096 esse
776 2031 845 2097 in
874 2031 1205 2105 iudicando,
1237 2032 1341 2112 qui
1377 2033 1528 2097 alios
1563 2033 1629 2090 in
1651 2052 1715 2090 se
1742 2052 1972 2098 severos
1997 2051 2122 2091 esse

251 2146 326 2206 39
350 2131 571 2191 iudices
596 2150 718 2190 non
743 2129 889 2194 vult.
935 2128 1056 2186 Hic
1075 2129 1359 2188 miramur
1383 2129 1541 2194 hunc
1564 2129 1860 2194 hominem
1884 2135 2121 2187 tantum

352 2226 632 2286 excellere
671 2224 894 2299 ceteris,
948 2224 1114 2288 cuius
1151 2224 1411 2300 legiones
1441 2226 1525 2290 sic
1564 2226 1630 2282 in
1676 2225 1887 2289 Asiam
1923 2242 2122 2308 perve-

350 2325 565 2398 nerint,
611 2329 683 2381 ut
733 2342 855 2390 non
896 2321 1070 2388 modo
1108 2341 1319 2380 manus
1356 2323 1513 2386 tanti
1552 2323 1856 2393 exercitae,
1898 2321 2002 2379 sed
2045 2340 2123 2378 ne

351 2420 666 2495 vestigium
705 2418 942 2495 quidem
981 2419 1253 2495 cuiquam
1291 2425 1497 2494 pacato
1549 2419 1815 2477 nocuisse
1859 2417 2125 2478 dicatur‘ss

351 2517 484 2575 Iam
524 2534 663 2573 vero
703 2534 877 2590 quem
914 2514 991 2576 ad
1030 2514 1270 2578 modum
1299 2514 1517 2579 milites
1553 2513 1883 2586 hibernent,
1912 2512 2124 2572 cotidie

353 2631 647 2673 sermones
697 2632 767 2669 ac
819 2612 1053 2669 litterae
1118 2611 1512 2688 perferuntur.
1622 2610 1765 2676 Non
1816 2610 1989 2677 modo
2054 2614 2125 2665 ut

352 2713 654 2783 sumptum
681 2705 862 2764 faciat
885 2706 952 2772 in
975 2705 1226 2768 militem
1250 2706 1474 2770 nemini
1499 2706 1591 2764 vis
1616 2705 1898 2776 adfertur,
1920 2704 2023 2761 sed
2048 2722 2125 2761 ne

353 2801 615 2878 cupienti
639 2800 877 2876 quidem
911 2800 1182 2879 cuiquam
1217 2800 1595 2880 permittitur.
1680 2798 1916 2864 Hiemis
1948 2797 2121 2867 enim,

353 2918 477 2957 non
521 2896 806 2955 avaritiae
848 2882 1182 2972 perfugium
1222 2897 1474 2961 maiores
1506 2896 1696 2962 nostri
1732 2896 1800 2961 in
1838 2894 2123 2953 sociorum

356 2999 534 3068 atque
560 2991 878 3049 amicorum
902 2992 1074 3058 tectis
1100 3010 1224 3054 esse
1250 2991 1579 3049 voluerunt.

258 3104 334 3164 40
438 3111 444 3116 ·
476 3088 658 3147 XIV.
740 3088 874 3163 Age
925 3107 1066 3145 vero
1123 3088 1336 3154 ceteris
1382 3087 1451 3151 in
1501 3087 1676 3144 rebus
1728 3104 1845 3172 qua
1894 3084 1997 3151 ille
2048 3084 2129 3150 sit

168 3193 173 3196 “
357 3184 762 3259 temperantia,
800 3185 1175 3251 considerate.
1260 3185 1444 3243 Unde
1472 3185 1639 3248 illam
1668 3191 1899 3242 tantam
1938 3183 2128 3244 celeri»

359 3286 546 3338 tatem
581 3285 642 3338 et
674 3286 800 3338 tam
829 3281 1231 3338 incredibilem
1265 3300 1500 3338 cursum
1532 3281 1844 3340 inventum
1878 3281 2130 3357 putatis'l

360 3371 506 3435 Non
542 3376 700 3434 enim
733 3377 902 3435 illum
938 3378 1154 3436 eximia
1179 3379 1272 3436 vis
1298 3378 1584 3454 remigum
1610 3384 1717 3437 aut
1742 3397 1839 3438 ars
1862 3376 2130 3438 inaudita
