2382 3787
615 205 735 265 DE
782 207 1151 268 IMPERIO
1207 207 1339 269 CN.
1396 208 1734 269 POMPEI.
1883 184 1888 191 ’
1983 210 2053 274 11

289 363 625 438 attingeret,
669 363 771 421 sed
816 364 883 421 in
929 364 1254 421 exercitum
1305 370 1573 420 nostrum
1614 364 1837 421 clarum
1882 370 2061 441 atque

288 458 569 517 victorem
614 460 899 537 impetum
952 459 1107 519 fecit.
1194 460 1382 519 Sinite
1433 460 1543 519 hoc
1594 460 1734 533 loco,
1781 460 2056 532 Quirites,

287 554 442 612 sicut
466 562 671 631 poetae
698 557 903 627 solent,
927 557 1030 633 qui
1055 576 1150 616 res
1175 556 1475 614 Romanas
1500 558 1779 630 scribunt,
1809 564 2061 634 praeter-

287 650 375 708 ire
401 670 495 708 me
520 658 782 710 nostram
821 653 1229 725 calamitatem,
1261 672 1409 730 quae
1449 660 1619 711 tanta
1658 654 1791 726 fuit,
1820 661 1892 711 ut
1930 674 2058 712 eam

284 747 365 804 ad
402 767 574 805 aures
612 750 980 825 iinperatoris
1017 770 1139 808 non
1177 770 1254 807 ex
1292 751 1511 826 proelio
1550 751 1812 824 nuntius,
1842 752 1945 810 sed
1981 771 2058 809 ex

287 860 552 902 sermone
577 865 778 904 rumor
801 846 1073 904 adferret.
1158 846 1281 903 Hic
1298 846 1364 903 in
1388 846 1492 904 illo
1518 847 1644 921 ipso
1663 847 1818 905 malo
1842 848 2056 922 gravis-
2082 851 2156 911 26

286 937 548 1013 simaque
571 939 712 997 belli
737 940 1052 998 offensione
1079 941 1145 997 L.
1178 940 1477 1012 Lucullus,
1503 942 1605 1017 qui
1632 948 1832 999 tamen
1859 943 2056 1020 aliqua

287 1041 582 1110 exparte
633 1036 708 1093 iis
758 1037 1149 1095 incommodis
1191 1037 1413 1095 mederi
1456 1037 1703 1095 fortasse
1748 1039 2049 1113 potuisset,

287 1134 482 1187 vestro
506 1131 670 1189 iussu
696 1139 943 1204 coactus,
972 1133 1129 1210 quod
1153 1134 1387 1209 imperii
1412 1133 1793 1192 diuturnitati
1817 1136 2055 1194 modum

285 1226 664 1285 statuendum
679 1234 875 1285 vetere
896 1229 1162 1304 exemplo
1177 1229 1509 1304 putavistis,
1529 1236 1757 1305 partem
1774 1232 2046 1306 militum,

282 1319 388 1393 qui
411 1320 531 1377 iam
557 1323 864 1399 stipendiis
894 1324 1173 1382 confectis
1206 1331 1391 1395 erant,
1423 1325 1662 1398 dimisit,
1691 1334 1918 1403 partem
1947 1329 2048 1387 Μ’.

284 1415 591 1475 Glabrioni
623 1419 886 1479 tradidit.
971 1420 1169 1478 Multa
1205 1427 1506 1496 praetereo
1545 1423 1825 1495 consulto,
1856 1424 1958 1481 sed
1982 1443 2053 1482 ea

281 1531 387 1571 vos
411 1515 743 1574 coniectura
757 1517 1081 1593 perspicite,
1101 1524 1389 1594 quantum
1416 1519 1566 1577 illud
1584 1519 1803 1577 bellum
1829 1520 2050 1577 factum

280 1612 516 1685 putetiS,
546 1613 703 1689 quod
738 1615 1098 1690 coniungant
1133 1633 1298 1690 reges
1324 1616 1733 1689 potentissimi,
1765 1623 2052 1674 renovent

278 1704 535 1780 agitatae
586 1707 871 1779 nationeS,
915 1708 1239 1784 suscipiant
1291 1708 1554 1784 integrae
1594 1715 1813 1786 gentes,
1861 1729 2052 1769 novus

277 1801 594 1877 imperator
618 1811 818 1863 noster
843 1806 1092 1883 accipiat
1118 1812 1319 1864 vetere
1338 1807 1600 1864 exercitu
1626 1806 1809 1884 pulso.
1894 1807 2051 1866 Satis

274 1899 423 1956 mihi
449 1900 637 1958 multa
653 1903 832 1960 verba
859 1903 1060 1962 fecisse
1086 1903 1303 1977 videor,
1323 1922 1503 1980 quare
1530 1910 1681 1963 esset
1705 1904 1816 1962 hoc
1829 1906 2049 1964 bellum

273 2014 485 2074 genere
535 1998 664 2074 ipw
708 2000 1112 2074 necessarium,
1170 2000 1577 2076 magnitudine
1621 2001 2007 2076 periculosum
2031 2025 2045 2062 :

274 2099 459 2150 restat
510 2101 580 2152 ut
622 2095 695 2154 de
740 2097 1091 2173 imperatore
1136 2098 1214 2156 ad
1259 2098 1325 2156 id
1365 2099 1585 2156 bellum
1629 2098 1934 2174 deligendo
1979 2118 2047 2156 ac

271 2194 459 2251 tantis
484 2195 658 2252 rebus
684 2194 1070 2270 praeficiendo
1096 2195 1410 2253 dicendum
1436 2213 1561 2252 esse
1587 2193 1875 2252 videatur.

388 2289 470 2348 X.
555 2289 825 2362 Utinam,
858 2291 1133 2361 Quirites,
1167 2291 1430 2351 virorum
1460 2290 1705 2349 fortium
1744 2295 1922 2366 atque
1960 2291 2045 2349 in-
2070 2299 2144 2357 2¹7

268 2386 605 2443 nocentium
658 2388 884 2462 copiam
934 2392 1166 2444 tantam
1219 2385 1528 2457 haberetis,
1567 2391 1646 2443 ut
1689 2385 1833 2444 haec
1878 2388 2045 2446 vobis

138 2529 151 2547 ,
267 2481 610 2541 deliberatio
636 2483 887 2542 difficilis
922 2491 1088 2558 esset,
1119 2502 1431 2561 quemnam
1464 2482 1832 2559 potissimum
1857 2483 2043 2540 tantis

266 2576 442 2642 rebus
479 2597 548 2635 ac
592 2572 763 2636 tanto
802 2578 957 2636 bello
1002 2578 1456 2655 praeficiendum
1502 2577 1825 2654 putaretis!
1881 2596 2041 2635 nunc

252 2691 404 2730 -vero
429 2692 563 2731 cum
588 2675 668 2733 sit
694 2691 849 2734 unns
872 2675 980 2734 Cn.
1013 2675 1343 2752 Pompeius,
1366 2674 1470 2751 qui
1494 2693 1615 2731 non
1640 2673 1813 2731 modo
1838 2692 2038 2731 eorum

262 2765 581 2842 hominum,
614 2770 715 2845 qui
752 2770 913 2836 nunc
951 2775 1107 2841 sunt,
1136 2770 1399 2846 gloriam,
1429 2768 1532 2826 sed
1566 2768 1746 2825 etiam
1783 2767 2037 2843 antiqui-

259 2862 404 2918 tatis
444 2864 793 2924 memoriam'
825 2865 1049 2922 virtute
1091 2864 1400 2941 superarit,
1435 2881 1587 2939 quae
1627 2881 1720 2922 res
1758 2867 1849 2918 est
1887 2881 2036 2937 quae

258 2958 602 3034 cuiusquam
619 2961 883 3019 animum
908 2961 975 3019 in
1001 2961 1112 3020 hac
1138 2981 1314 3020 causa
1342 2961 1586 3024 dubium
1601 2959 1791 3019 facere
1816 2960 2033 3035 possit?

258 3054 385 3130 Ego
410 3056 569 3114 enim
594 3058 679 3115 sic
704 3058 993 3131 ecxistimO,
1022 3059 1089 3116 in
1115 3077 1344 3117 summo
1369 3059 1721 3134 imperatore
1751 3063 2033 3133 quattuor
2059 3065 2132 3124 28

254 3152 364 3210 has
390 3172 482 3211 res
508 3155 696 3213 inesse
723 3161 1025 3232 oportere:
1065 3155 1369 3214 scientiam
1401 3155 1486 3212 rei
1516 3153 1805 3225 militarie,
1839 3154 2030 3212 virtu-

251 3257 389 3319 tem,
418 3251 845 3325 auctoritatem,
865 3250 1224 3308 felicitatem.
1287 3249 1435 3318 Quis
1459 3250 1644 3324 igitur
1656 3248 1767 3307 hoc
1791 3249 2030 3313 homine

248 3345 525 3403 scientior
549 3365 829 3422 umquam
854 3353 961 3405 aut
988 3346 1108 3406 fuit
1131 3351 1241 3404 aut
1266 3364 1389 3403 esse
1410 3345 1643 3411 debuiffl
1691 3344 1794 3422 qui
1827 3365 1860 3403 e
1885 3345 2027 3408 ludo

402 3477 466 3518 w.
1824 3459 1859 3515 5
