2382 3787
627 242 747 302 DE'
797 238 1162 304 IMPERIO
1219 243 1348 306 GN.
1402 244 1745 305 POMPEI.
2030 246 2091 307 3.

289 401 432 481 peti,
460 400 710 459 eundem
735 400 894 459 hunc
917 402 1103 458 unum
1129 401 1206 457 ab
1233 399 1502 458 hostibus
1528 382 2067 480 metui-praeterea
2167 404 2172 409 ’

291 499 602 558 neminem.
629 519 637 531 ·
771 566 775 571 ,

344 644 349 647 ,
412 594 603 657 Causa
648 613 798 671 quae
843 593 924 651 sit
965 592 1208 652 videtis:
1245 613 1423 673 'nunc
1466 592 1610 670 quid
1655 592 1947 670 agendum
1990 595 2068 673 sit
2089 601 2125 657 6

289 690 668 748 considerate.
751 688 1018 746 Primum
1069 689 1218 745 mihi
1265 688 1502 747 videtur
1542 690 1616 747 de
1657 699 1869 765 'genere
1910 693 2066 766 belli,

289 785 504 844 deinde
538 784 611 843 d’e
640 785 1060 860 magnitudine,
1092 791 1224 842 tum
1261 776 1334 843 de
1373 785 1723 861 imperatore
1765 787 2071 864 deligendo

289 901 417 941 esse
469 881 793 941 dicendum.
904 882 1106 939 Genus
1160 887 1252 939 est
1304 883 1444 940 belli
1496 884 1623 941 eius
1675 885 1850 957 modi,
1910 885 2069 961 quod

289 978 546 1035 maxime
572 983 797 1035 vestros
831 977 1055 1035 animos
1091 977 1348 1034 excitare
1382 984 1560 1055 atque
1595 980 1958 1038 inflammare
1994 981 2073 1039 ad

291 1074 675 1151 persequendi
717 1074 979 1131 studium
1033 1072 1268 1131 debeat}
1325 1075 1391 1131 in
1446 1094 1561 1151 quo
1616 1077 1815 1152 agitur
1867 1077 2071 1153 populi

292 1168 549 1230 Romani
575 1172 774 1247 gloria,
810 1191 958 1249 quae
985 1173 1151 1229 vobis
1177 1193 1215 1229 a
1253 1173 1571 1231 maioribus
1597 1194 1729 1231 cum
1765 1195 1978 1250 magna
2004 1176 2071 1232 in

292 1268 564 1326 omnibus
590 1267 778 1340 rebus,⁴
807 1272 938 1325 tum
975 1287 1202 1324 summa·
1235 1267 1301 1323 in
1328 1286 1390 1324 re
1417 1268 1662 1325 militari
1698 1270 1922 1327 tradita
1949 1276 2039 1327 est
2050 1290 2069 1343 3

287 1364 491 1440 agitur
516 1363 673 1420 salus
700 1362 985 1419 sociorum
1017 1368 1195 1437 atque
1234 1363 1568 1435 amicorum,
1602 1383 1708 1439 pro
1738 1383 1853 1440 qua
1879 1365 2070 1423 multa

292 1460 540 1517 maiores
565 1458 747 1515 vestri
763 1478 973 1533 magna
989 1463 1050 1514 et
1064 1458 1268 1532 gravia
1281 1459 1435 1515 bella
1447 1465 1755 1534 gesserunt
1764 1479 1783 1531 3
1810 1466 2070 1536 aguntur

292 1555 614 1613 certissima
639 1553 840 1630 populi
867 1553 1122 1610 Romani
1138 1552 1446 1628 vectigalia
1472 1558 1534 1610 et
1558 1554 1832 1628 maxima,
1857 1555 2069 1630 quibus

278 1650 520 1708 'amissis
546 1656 607 1707 et
632 1650 790 1725 pacis
816 1654 1159 1706 ornamenta
1185 1653 1247 1704 et
1274 1648 1534 1705 subsidia
1559 1648 1700 1705 belli
1726 1649 2037 1724 requiretis
2048 1668 2068 1722 5

278 1751 552 1821 ⁴aguntur
574 1745 729 1802 bona
753 1743 1073 1800 multorum
1099 1743 1331 1816 civium,
1364 1743 1576 1819 quibus
1601 1749 1692 1801 est
1730 1763 1767 1801 a
1802 1744 1968 1801 vobis
2007 1750 2069 1802 et

277 1842 553 1919 ⁴ipsorum
579 1846 641 1899 et
665 1840 751 1898 rei
784 1840 1049 1916 publicae
1083 1859 1258 1897 causa
1285 1839 1717 1899 consulendum.
1802 1839 1923 1900 III.
1985 1840 2067 1898 Et
2089 1843 2126 1903 ¹7

286 1939 573 2016 quoniam
621 1934 848 2013 semper
899 1937 1242 2012 adpetentes
1292 1937 1510 2012 gloriae
1563 1943 1796 2012 praeter
1848 1944 2069 1996 ceteras

292 2040 495 2111 gentes
520 2039 697 2109 atque
724 2033 885 2090 avidi
909 2033 1101 2090 laudis
1127 2034 1340 2106 fuistis,
1374 2034 1620 2092 delenda
1655 2040 1746 2092 est
1772 2035 1938 2093 vobis
1963 2036 2068 2093 issa
2133 2023 2139 2030 ”

292 2128 521 2204 macula
568 2127 976 2185 Mithridatico
1017 2126 1171 2184 bello
1225 2127 1521 2201 superiore
1574 2134 1868 2203 concepta,
1919 2147 2067 2204 quae

293 2205 530 2300 penitus
580 2222 699 2278 iam
745 2220 962 2278 insedit
1002 2240 1071 2277 ac
1123 2221 1300 2277 nimis
1346 2220 1704 2277 inveteravit
1746 2221 1812 2278 in
1865 2223 2069 2298 populi

294 2318 550 2377 Romani
574 2317 824 2390 nomine,
857 2316 1012 2392 quod
1037 2316 1105 2390 ist,
1139 2315 1243 2391 qui
1269 2334 1388 2372 uno
1416 2315 1511 2372 die
1538 2322 1667 2373 tota
1692 2316 1758 2373 in
1783 2316 1949 2393 Asia,
1975 2324 2069 2375 tot

293 2416 361 2472 in
411 2415 764 2488 civitatibus,
817 2433 936 2471 uno
988 2414 1201 2470 nuntio
1255 2419 1433 2489 atque
1474 2432 1595 2471 una
1636 2414 2067 2489 significatione

293 2515 625 2573 litterarum
677 2514 833 2571 cives
880 2512 1182 2570 Romanos
1235 2513 1525 2569 necandos
1575 2514 2066 2591 trucidandosque

283 2609 613 2682 denotavit,
634 2627 758 2665 non
782 2607 954 2664 modo
969 2607 1159 2664 adhuc
1178 2626 1426 2682 poenam
1451 2607 1675 2665 nullam
1692 2628 1798 2666 suo
1827 2610 2065 2685 dignam
2098 2603 2106 2672 ζ

295 2707 505 2765 scelere
531 2705 797 2781 suscepit,
826 2703 927 2761 sed
942 2704 1017 2760 ab
1042 2703 1145 2759 illo
1160 2708 1422 2778 tempore
1437 2722 1660 2761 annum
1687 2705 1805 2761 iam
1821 2705 2066 2764 tertium
2108 2715 2116 2742 ²

288 2808 357 2861 et
394 2802 733 2860 vicesimum
772 2804 995 2875 regnat,
1027 2805 1089 2857 et
1126 2799 1216 2855 ita
1255 2804 1476 2874 regnat,
1513 2806 1585 2857 ut
1624 2819 1685 2857 se
1725 2819 1846 2857 non
1885 2800 2066 2860 Ponti

295 2915 482 2975 neque
522 2896 920 2973 Cappadociae
953 2895 1197 2952 latebris
1227 2896 1516 2953 occultare
1556 2895 1717 2969 velit,
1748 2895 1850 2953 sed
1889 2915 2068 2954 emer-

294 3013 429 3071 gere
455 3013 530 3051 ex
555 2989 747 3070 patrio
782 3009 960 3067 regno
986 2996 1183 3066 atque:
1198 2991 1264 3048 in
1290 2992 1502 3049 vestris
1527 2991 1923 3066 vectigalibus,
1956 2992 2067 3051 hoc

294 3099 387 3151 est
429 3092 497 3149 in
533 3090 716 3147 Asiae
757 3089 886 3146 luce
928 3089 1164 3146 versari.
1251 3088 1491 3145 Etenim
1522 3088 1714 3145 adhuc
1750 3089 1838 3146 ita
1877 3091 2065 3148 nostri
2082 3096 2120 3154 8

296 3209 431 3249 cum
451 3223 459 3233 ·
481 3190 584 3248 illo
626 3207 759 3264 rege
804 3184 1237 3245 contenderunt
1277 3186 1671 3261 ianeratoreS‚
1724 3191 1796 3243 ut
1846 3188 1921 3244 ab
1962 3187 2066 3246 isso

299 3288 549 3363 insignia
567 3285 861 3356 victoriae,
879 3301 1000 3340 non
1015 3281 1319 3339 victoriam
1335 3287 1717 3358 reportarent.
1762 3282 2065 3360 Triumph-

296 3382 425 3442 avit
452 3382 525 3440 ssL.
553 3380 737 3492 ἒυΠα,
769 3376 1160 3455 triumphavit
1196 3376 1262 3436 L.
1294 3376 1549 3494 Mur-{ena
1583 3377 1657 3435 de
1690 3377 2059 3456 Mithridate,
