2382 3787
367 240 404 302 6
682 240 810 300 *DE
862 238 1229 302 IMPERIO
1283 237 1411 303 GN.
1468 236 1808 301 POMPEI.

365 412 616 469 quorum
668 394 918 452 salutem
971 395 1084 452 tali
1136 395 1266 452 viro
1319 386 1751 470 commendetis,
1802 401 2004 472 atque
2031 395 2146 454 hoc

364 490 546 547 etiam
592 491 792 566 magiS,
842 491 999 567 quod
1044 496 1267 548 ceteros
1306 491 1373 548 in
1417 492 1777 569 provinciam
1818 492 1944 549 eius
1981 491 2145 550 modi

364 584 630 643 homines
668 605 802 643 cum
834 586 1080 662 imperio
1111 586 1419 660 mittimus,
1454 594 1541 661 ut,
1571 588 1749 645 etiam
1782 588 1832 644 si
1863 588 1938 644 ab
1972 584 2144 645 hoste

363 674 697 755 defendant,
729 687 931 738 tamen
956 681 1218 756 ipsorum
1244 681 1535 739 adventus
1560 683 1626 739 in
1652 682 1826 739 urbes
1852 682 2144 741 sociorum

364 792 485 830 non
524 775 778 832 multum
807 776 885 832 ab
925 775 1126 833 hostili
1161 776 1595 851 expugnatione
1635 776 1944 833 differant:
1982 775 2145 834 hunc
2216 810 2225 817 ·

363 870 684 928 audiebant
722 878 913 945 antea,
948 890 1106 929 nunc
1146 877 1514 947 praesentem
1545 871 1751 948 vident
1789 877 1961 928 tanta
1998 877 2143 928 tem-

365 966 648 1042 perantia,
685 973 856 1025 tanta
883 969 1351 1043 mansuetudine,
1384 975 1556 1026 tanta
1580 968 1966 1043 humanitate,
1998 974 2069 1026 ut
2092 967 2143 1024 ii

363 1063 686 1120 beatissimi
737 1083 859 1122 esse
911 1065 1242 1138 videantur,
1286 1064 1446 1140 apud
1484 1084 1631 1141 quos
1668 1065 1769 1121 ille
1808 1063 2138 1121 diutissime

364 1167 771 1219 commoratur.

264 1270 338 1328 14
484 1253 597 1312 VI.
682 1256 891 1330 Quare,
940 1257 993 1314 si
1036 1263 1277 1334 propter
1314 1255 1511 1336 so-qios,
1557 1257 1723 1315 nulla
1767 1256 1882 1332 ipsi
1921 1256 2142 1314 iniuria

365 1348 632 1424 lacessiti,
667 1353 916 1410 maiores
941 1354 1130 1410 nostri
1161 1373 1295 1410 cum
1321 1340 1635 1427 Antiocho,
1671 1373 1804 1410 cum
1840 1353 2131 1428 Philipp0,

365 1466 499 1504 cum
537 1447 784 1522 Aetolis,
819 1466 952 1505 cum
992 1448 1207 1506 Poenis
1236 1441 1741 1527 bella-gesserunt,
1773 1453 1994 1524 quanto
2034 1466 2140 1505 vos

361 1544 562 1602 studio
587 1545 879 1618 convenit,
911 1544 1148 1617 iniuriis
1179 1551 1540 1625 provocatos3
1568 1544 1860 1602 sociorum·
1886 1528 2140 1602 salutem

364 1663 486 1702 una
511 1664 644 1702 cum
670 1641 902 1717 imperii
920 1641 1103 1697 vestri
1130 1639 1418 1715 'dignitate
1445 1639 1773 1721 defendere,
1797 1639 2138 1719 praesertim

362 1766 519 1817 cum*
545 1744 617 1802 de
658 1739 930 1799 maximis
976 1738 1187 1795 vestris
1229 1738 1612 1813 vectigalibus
1652 1739 1898 1816 agatur?
1976 1736 2138 1793 Nam

362 1848 687 1901 ceterarum
752 1835 1184 1913 provinciarum
1229 1835 1574 1911 ,vectigalia
1633 1822 1907 1910 Quirites,
1965 1839 2137 1892 tanta

362 1944 521 2013 sunt,
554 1943 625 1995 ut
663 1936 739 1992 iis
769 1934 847 1992 ad
880 1934 1039 2009 ipsas
1072 1933 1404 2008 provincias
1437 1933 1719 1991 tutandas
1740 1933 1849 1998 ,vix
1874 1932 2135 1990 contenti

361 2055 486 2093 esse
512 2033 834 2110 possimus:
875 2030 1027 2087 Asia
1053 2049 1193 2087 vero
1219 2035 1345 2089 tam
1372 2032 1567 2107 opima
1592 2037 1682 2088 est
1708 2051 1775 2089 ac
1803 2031 2031 2105 fertilis,
2063 2036 2135 2088 ut

361 2137 424 2188 et
458 2131 728 2187 ubertate
759 2146 1032 2203 agrorum
1059 2132 1120 2183 et
1155 2127 1443 2184 varietate
1478 2127 1779 2185 fructuum
1808 2133 1880 2185 ‚et
1917 2128 2134 2203 magni·

361 2225 572 2281 tudine
598 2222 883 2298 pastionis
909 2228 970 2278 et
997 2222 1378 2280 multitudine
1406 2242 1608 2280 earum
1633 2242 1845 2296 rerum,
1866 2241 2014 2298 quae
2039 2241 2135 2279 ex·

361 2324 689 2395 portantur,
744 2317 914 2376 facile
967 2317 1240 2375 omnibus
1295 2320 1471 2376 terris
1512 2318 1837 2405 antecellat.
1921 2317 2148 2394 Itaque,

361 2416 504 2472 haec
530 2414 696 2472 vobis
720 2413 1036 2489 provincia,
1073 2413 1349 2488 Quirites,
1385 2415 1436 2472 si
1461 2421 1524 2472 et
1550 2415 1691 2472 belli
1727 2414 2048 2472 utilitatem
2073 2418 2134 2471 et

363 2511 523 2587 pacis
562 2509 911 2585 dignitatem
950 2508 1205 2566 retinere
1243 2499 1441 2583 mltis,
1475 2529 1597 2567 non
1634 2509 1807 2567 modo
1837 2527 1874 2565 a
1908 2508 2133 2592 call-agni·

362 2614 506 2683 tate,
553 2606 656 2665 sed
700 2606 879 2663 etiam
921 2625 960 2663 a
999 2612 1162 2663 metu
1205 2606 1556 2663 calamitatis
1608 2612 1698 2663 est
1750 2603 2130 2664 defendenda.

1070 2671 1286 2691 ψ

260 2710 330 2770 15
365 2706 524 2763 Nam
550 2705 616 2761 in
642 2704 849 2761 ceteris
874 2704 1063 2776 rebus,
1093 2722 1227 2760 cum
1257 2702 1419 2760 venit
1455 2702 1770 2775 calamitas,
1802 2707 1933 2757 tum
1961 2700 2140 2782 Q

362 2808 628 2880 mentum
658 2799 976 2875 accipitur:
1031 2804 1097 2857 at
1134 2799 1201 2856 in
1240 2799 1621 2875 vectigalibus
1656 2818 1779 2856 non
1813 2796 2002 2854 solum
2036 2796 2132 2855 ad-

363 2905 577 2956 ventus
602 2896 758 2970 mali,
794 2895 897 2953 sed
922 2896 1101 2952 etiam
1127 2901 1322 2952 metus
1347 2896 1472 2972 ipse
1497 2895 1692 2953 adfert
1717 2893 2127 2953 calamitatem.

363 2996 523 3053 Nam
562 3013 696 3052 cum
729 2992 988 3050 hostium
1026 2992 1226 3067 copiae
1256 2986 1377 3050 non
1411 2992 1580 3067 longe
1615 2991 1845 3061 absunt,
1874 2989 2055 3047 etiam
2081 2991 2132 3049 si

361 3088 624 3162 inruptio
639 3087 804 3144 nulla
823 3085 980 3143 facta
1005 3067 1337 3158 estJ‘tamen
1351 3106 1535 3163 pecua
1550 3086 1977 3161 relinquuntur,
2002 3084 2131 3162 agri

360 3182 593 3241 cultura
629 3182 935 3256 deseritur,
977 3190 1367 3241 mercatorum
1412 3184 1712 3258 navigatio
1753 3186 2123 3262 conquiescit.

361 3276 462 3334 Ita
486 3294 676 3351 neque
701 3296 777 3334 ex
801 3283 979 3354 portu
1003 3296 1194 3353 neque
1220 3295 1296 3334 ex
1331 3276 1588 3352 ‹1er
1622 3296 1813 3353 neque
1848 3297 1926 3335 ex
1956 3280 2126 3355 scrip-

361 3380 500 3433 tura
539 3374 787 3451 vectigal
827 3375 1158 3433 conservari
1202 3379 1432 3451 potest3
1487 3394 1669 3451 quare
1719 3394 1893 3452 saepe
1944 3374 2126 3434 totius
