2382 3787
338 183 412 242 10
658 185 781 244 DE
828 184 1199 246 IMPERIO
1255 185 1385 247 GN.
1441 184 1781 246 POMPEI.

332 342 605 400 manibus
655 342 878 418 effugit.
981 343 1082 401 Ita
1132 343 1303 401 illum
1355 343 1422 401 in
1473 344 1858 421 persequendi
1908 342 2105 404 studio

234 441 310 501 23
333 458 574 510 maeror,
604 439 712 496 hos
749 439 980 497 laetitia
1004 440 1283 500 tardavit.
1368 440 1552 499 Hunc
1583 441 1651 498 in
1679 441 1782 499 illo
1807 440 2018 500 timore
2043 447 2105 500 et

333 534 475 611 fuga
513 535 809 609 Tigranes,
847 554 955 593 rex
993 535 1334 607 Armenius,
1366 537 1596 613 excepit
1634 537 2106 616 diffidentemque

330 632 506 690 rebus
531 631 653 689 suis
678 632 1050 689 confirmavit
1078 636 1139 689 et
1163 631 1467 689 adflictum
1488 633 1677 690 erexit
1695 633 2106 709 perditumque

306 719 632 787 recreavit.
716 728 901 786 Cuius
932 728 999 785 in
1034 746 1281 804 regnum
1320 733 1700 804 posteaquam
1726 728 1793 787 L.
1824 728 2105 786 Lucullus

311 841 464 898 'cum
490 822 751 881 exercitu
779 822 961 893 venit,
980 822 1181 899 plures
1206 822 1385 880 etiam
1410 828 1614 897 gentes
1633 828 1837 879 contra
1861 821 2104 898 impera-

329 924 518 978 torem
570 925 838 977 nostrum
892 920 1218 977 concitatae
1272 924 1428 977 sunt.
1512 918 1658 975 Erat
1703 918 1860 976 enim
1912 924 2105 976 metus

329 1016 580 1074 iniectus
623 1016 701 1073 iis
738 1016 1094 1088 nationibus,
1137 1035 1283 1092 quas
1325 1034 1646 1091 numquam
1692 1015 1943 1091 populus
1987 1014 2104 1073 Ro-

328 1132 539 1172 manus
576 1132 766 1190 neque
800 1113 1162 1171 lacessendas
1196 1112 1350 1170 bello
1382 1131 1573 1189 neque
1603 1111 1975 1188 temptandas
2000 1130 2103 1188 pu-

327 1211 483 1268 tavit
507 1230 522 1269 t
560 1216 690 1268 erat
724 1211 904 1268 etiam
944 1210 1063 1268 alia
1096 1211 1296 1287 gravis
1311 1216 1508 1286 atque
1539 1209 1851 1267 vehemens
1885 1208 2100 1285 opinio,

329 1327 479 1384 quae
529 1308 758 1367 animos
809 1308 1075 1385 gentium
1135 1306 1517 1364 barbararum
1569 1301 1922 1382 pervaserat,
1976 1304 2103 1363 fani

328 1403 770 1481 locupletissimi
802 1409 864 1462 et
898 1403 1317 1479 religiosissimi
1352 1402 1669 1478 diripiendi
1704 1420 1878 1459 causa
1907 1401 1974 1458 in
2005 1416 2104 1460 eas

327 1520 459 1560 oras
485 1508 754 1560 nostrum
781 1520 906 1559 esse
932 1501 1256 1559 exercitum
1287 1500 1621 1558 adductum.
1704 1499 1804 1557 Ita
1834 1499 2105 1557 nationes

328 1598 549 1655 multae
588 1603 767 1674 atque
806 1617 1051 1673 magnae
1089 1617 1246 1656 novo
1286 1597 1537 1675 quodam
1574 1602 1799 1654 terrore
1831 1615 1900 1653 ac
1938 1602 2101 1663 metu

326 1693 786 1751 concitabantur.
872 1692 1094 1750 Noster
1108 1700 1309 1752 autem
1330 1694 1621 1769 exercitus
1637 1692 1876 1751 tametsi
1894 1693 2101 1751 urbem

327 1806 403 1844 ex
433 1788 702 1863 Tigranis
737 1804 918 1863 regno
953 1796 1186 1865 ceperat
1226 1797 1287 1847 et
1317 1790 1553 1866 proeliis
1585 1808 1728 1847 usus
1753 1795 1879 1847 erat
1905 1807 2104 1846 secun-

328 1882 435 1955 dis,
477 1889 678 1941 tamen
715 1884 902 1943 nimia
939 1884 1372 1963 longinquitate
1410 1885 1669 1945 locorum
1706 1906 1775 1944 ac
1815 1885 2102 1946 desiderio

224 1984 304 2043 24
327 1999 567 2037 suorum
612 1983 1100 2041 commovebatur.
1183 1983 1307 2041 Hic
1345 1983 1479 2056 iam,
1502 1983 1673 2060 plura
1710 2002 1832 2041 non
1871 1983 2099 2056 dicam3

274 2121 277 2126 ,
328 2074 447 2132 fuit
473 2076 630 2133 enim
669 2076 820 2135 illud
859 2083 1202 2149 extremum,
1232 2085 1303 2136 ut
1333 2098 1409 2137 ex
1446 2079 1522 2136 iis
1558 2078 1700 2137 locis
1737 2098 1775 2136 a
1812 2078 2101 2138 militibus

326 2173 546 2231 nostris
570 2175 796 2233 reditus
821 2175 1006 2250 magis
1031 2182 1302 2233 maturus
1341 2195 1516 2252 quam
1552 2175 1838 2250 processio
1872 2175 2101 2251 longior

327 2277 720 2344 quaereretur.
804 2271 1185 2330 Mithridates
1209 2280 1408 2330 autem
1435 2278 1496 2329 et
1522 2291 1689 2329 suam
1713 2291 1954 2329 manum
1977 2272 2098 2330 iam

325 2366 713 2440 confirmarat,
736 2372 799 2425 et
824 2386 1043 2440 eorum,
1062 2369 1164 2445 qui
1191 2389 1253 2427 se
1280 2389 1355 2427 ex
1381 2370 1507 2427 eius
1522 2388 1701 2446 regno
1727 2370 2095 2447 collegerant,

324 2467 388 2520 et
438 2462 667 2538 magnis
718 2463 1067 2522 adventiciis
1117 2465 1357 2523 auxiliis
1407 2464 1727 2523 multorum
1780 2484 1984 2541 regum
2036 2470 2098 2523 et

321 2557 631 2615 nationum
671 2558 1005 2622 iuvabatur.
1088 2558 1250 2616 Nam
1289 2545 1399 2617 hoc
1441 2559 1566 2616 fere
1617 2559 1701 2617 sic
1741 2559 1871 2616 fieri
1913 2558 2096 2617 solere

319 2652 659 2728 accepimus,
681 2659 752 2711 ut
770 2672 975 2729 regum
994 2653 1265 2711 adflictae
1290 2653 1564 2711 fortunae
1578 2652 1750 2711 facile
1774 2651 2093 2709 multorum

320 2768 460 2825 opes
485 2749 765 2807 adliciant
790 2749 867 2807 ad
886 2750 1341 2808 misericordiam
1368 2750 1734 2826 maximeque
1751 2767 1967 2820 eorum,
1991 2748 2094 2824 qui

319 2852 426 2903 aut
445 2865 608 2922 reges
633 2850 775 2904 sunt
788 2851 896 2904 aut
921 2846 1136 2905 vivunt
1160 2847 1228 2904 in
1255 2866 1450 2922 regno,
1472 2853 1543 2904 ut
1567 2846 1642 2903 iis
1667 2863 1882 2902 nomen
1900 2843 2094 2920 regale

221 2950 293 3010 25
318 2960 595 3016 magnum
637 2947 699 2999 et
741 2947 1009 2999 sanctum
1053 2960 1177 2998 esse
1220 2941 1508 3000 videatur.
1590 2939 1804 3014 Itaque
1855 2943 2092 2995 tantum

321 3038 512 3095 victus
525 3039 745 3097 efficere
772 3040 984 3115 potuit,
1009 3045 1297 3115 quantum
1321 3036 1629 3095 incolumis
1654 3053 1975 3110 numquam
2001 3040 2091 3092 est

319 3151 498 3188 ausus
517 3139 734 3208 optare.
781 3134 939 3191 Nam
954 3154 1086 3191 cum
1112 3153 1175 3191 se
1201 3133 1267 3190 in
1293 3151 1538 3208 regnum
1564 3150 1736 3189 suum
1761 3130 2087 3206 recepisset,

318 3245 440 3283 non
466 3226 584 3284 fuit
610 3247 678 3287 eo
704 3236 1030 3301 contentus,
1060 3229 1219 3305 quod
1244 3230 1300 3286 ei
1334 3234 1566 3305 praeter
1593 3247 1754 3304 spem
1780 3225 2085 3298 acciderat,

316 3327 389 3380 ut
438 3322 616 3395 illam,
662 3332 1038 3402 posteaquam
1090 3326 1295 3401 pulsus
1348 3329 1491 3396 erat,
1535 3330 1754 3382 terram
1807 3341 2085 3399 umquam
