2382 3787
599 215 719 273 DE'
770 213 1135 275 IMPERIO
1190 211 1315 274 GN.
1375 210 1717 274 POMPEI.
1972 210 2045 269 17

282 371 569 451 quaedam
583 370 949 447 gubernandi
966 376 1071 432 aut
1088 370 1253 433 venti
1272 369 1455 450 aliqui
1480 368 1620 432 novi
1638 374 1763 426 tam
1788 366 2053 430 celeriter

282 471 352 527 in
376 469 615 527 ultimas
639 474 829 529 terras
854 466 1243 543 pertulerunt,
1272 465 1376 527 sed
1400 484 1502 527 eae
1527 483 1636 535 res,
1659 482 1807 546 quae
1833 467 2054 520 ceteros

284 565 566 624 remorari
619 565 824 636 solent,
870 583 992 626 non
1042 563 1447 625 retardarunt:
1504 580 1627 621 non
1676 559 1929 623 avaritia
1978 560 2053 617 ab

285 662 563 721 instituto
609 680 783 718 cursu
828 660 906 718 ad
947 660 1223 736 praedam
1268 658 1526 735 aliquam
1568 657 1888 729 devocavit,
1932 676 2055 714 non

286 754 470 812 libido
495 753 574 815 ad
599 751 979 828 voluptatem,
997 771 1118 812 non
1141 752 1467 809 amoenitas
1491 751 1569 809 ad
1594 750 2053 820 delectationem,

287 868 412 907 non
454 849 733 911 nobilitas
797 844 962 910 urbis
1021 847 1099 905 ad
1164 844 1570 923 cognitionem,
1625 867 1748 906 non
1806 846 2057 922 denique

288 945 457 1004 labor
505 945 632 1021 ipse
676 944 754 1002 ad
799 944 1083 1020 quietem3
1150 950 1445 1020 postremo
1496 945 1664 1020 signa
1715 949 1777 1001 et
1825 942 2060 1003 tabulas

290 1047 597 1123 ceteraque
663 1045 1023 1109 ornamenta,
1074 1039 1429 1099 Graecorum
1493 1040 1855 1117 oppidorum,
1910 1059 2063 1116 quae

291 1137 473 1194 ceteri
495 1135 758 1197 tollenda
784 1153 908 1193 esse
933 1134 1317 1207 arbitrantur,
1346 1154 1417 1192 ea
1443 1136 1559 1195 sibi
1592 1135 1693 1192 ille
1717 1154 1794 1198 ne
1818 1134 2064 1194 visenda

293 1232 530 1309 quidem
570 1232 948 1291 existimavit.
1032 1232 1246 1314 Itaque
1286 1251 1487 1290 omnes
1524 1251 1684 1290 nunc
1721 1233 1787 1294 in
1816 1232 1892 1291 iis
1921 1231 2064 1290 locis
2088 1241 2160 1299 41

295 1330 402 1389 On.
432 1329 777 1410 Pompeium
802 1329 956 1391 sicut
972 1328 1228 1411 aliquem
1252 1347 1375 1391 non
1399 1347 1476 1390 ex
1499 1327 1610 1389 hac
1633 1328 1779 1385 urbe
1804 1327 2063 1399 missum,

294 1426 400 1485 sed
464 1425 538 1484 de
602 1426 761 1486 caelo
827 1425 1127 1500 delapsum
1193 1426 1504 1487 intuentur
1510 1443 1528 1497 3
1606 1443 1766 1483 nunc
1816 1423 2067 1500 denique

295 1523 590 1599 incipiunt
627 1523 875 1594 credere,
904 1521 1085 1579 fuisse
1118 1521 1385 1584 homines
1419 1523 1716 1585 Romanos
1746 1521 1855 1578 hac
1890 1539 2069 1597 quon-

297 1619 437 1677 dam
500 1618 879 1690 continentia,
934 1617 1092 1694 quod
1154 1618 1276 1681 iam
1325 1618 1665 1681 nationibus
1716 1616 1935 1679 exteris
1983 1616 2070 1673 in-

299 1712 575 1771 credibile
600 1732 669 1771 ac
695 1711 844 1773 falso
869 1711 1183 1775 memoriae
1208 1712 1510 1788 proditum
1534 1711 1847 1775 videbatur
1853 1732 1872 1785 3
1911 1731 2070 1775 nunc

301 1809 533 1885 imperii
577 1808 761 1869 vestri
803 1808 1078 1885 splendor
1119 1808 1241 1871 illis
1290 1809 1564 1884 gentibus
1613 1807 1803 1872 lucem
1842 1807 2074 1873 adferre

302 1907 519 1984 coepit3
558 1925 717 1964 nunc
753 1906 1107 1981 intellegunt
1144 1925 1267 1964 non
1298 1906 1424 1964 sine
1454 1925 1629 1964 causa
1656 1907 1905 1968 maiores
1939 1925 2075 1965 suos

303 2009 450 2075 tum,
503 2023 638 2061 cum
703 2022 774 2062 ea
823 2004 1215 2079 temperantia
1270 2003 1649 2078 magistratus
1698 2003 2070 2074 habebamus,

305 2101 523 2159 servire
548 2101 764 2176 populo
791 2100 1060 2157 Romano
1086 2118 1264 2175 quam
1301 2099 1588 2175 imperare
1617 2099 1749 2157 aliis
1783 2098 2070 2156 maluisse.

305 2197 439 2254 Iam
479 2215 620 2254 vero
657 2196 746 2253 ita
784 2194 983 2253 faciles
1020 2194 1220 2253 aditus
1262 2193 1342 2258 ad
1386 2213 1520 2256 eum
1565 2185 1962 2269 privatorum,
1986 2193 2075 2250 ita
2099 2192 2175 2253 42

306 2293 524 2351 liberae
548 2292 946 2370 querimoniae
969 2291 1045 2349 de
1069 2291 1320 2352 aliorum
1358 2290 1592 2350 iniuriis
1624 2308 1749 2348 esse
1779 2290 2072 2362 dicuntur,

307 2394 380 2446 ut
401 2389 456 2447 is
480 2389 585 2464 qui
604 2388 892 2464 dignitate
918 2387 1280 2465 principibus
1299 2387 1547 2457 excellit,
1560 2386 1843 2444 facilitate
1858 2386 2077 2459 infimis

308 2506 418 2561 par
454 2505 579 2544 esse
617 2486 902 2544 videatur.
986 2485 1119 2543 Iam
1157 2491 1447 2560 quantum
1485 2484 1740 2558 consilio,
1788 2489 2076 2560 quantum

309 2584 543 2643 dicendi
586 2584 878 2660 gravitate
922 2590 985 2641 et
1026 2583 1193 2660 copia
1239 2583 1448 2655 valeat,
1489 2583 1557 2639 in
1595 2601 1711 2658 quo
1754 2582 1883 2656 ipso
1922 2581 2077 2638 inest

308 2680 596 2757 quaedam
630 2680 887 2756 dignitas
924 2678 1319 2754 imperatoria,
1349 2697 1469 2750 vos,
1499 2677 1777 2749 Quirites,
1806 2677 1916 2735 hoc
1948 2676 2077 2752 ipso

309 2796 386 2835 ex
421 2776 546 2834 loco
580 2795 750 2852 saepe
785 2775 1153 2850 cognovistis.
1238 2775 1445 2833 Fidem
1481 2793 1620 2834 vero
1646 2775 1772 2833 eius
1796 2778 2077 2850 quantam

309 2872 468 2930 inter
519 2871 703 2929 socios
753 2870 1079 2928 existimari
1129 2870 1371 2947 putatis,
1416 2890 1592 2946 quam
1642 2870 1838 2928 hostes
1879 2888 2080 2928 omnes

312 2969 574 3025 omnium
598 2983 877 3043 generum
911 2967 1335 3026 sanctissimam
1367 2968 1713 3026 iudicarint?
1791 2967 2082 3025 Humani·

313 3070 439 3122 tate
471 3065 591 3121 iam
624 3069 796 3121 tanta
834 3068 939 3135 est,
969 3070 1039 3120 ut
1073 3063 1305 3122 difficile
1331 3064 1493 3123 dictu
1523 3064 1619 3136 sit,
1648 3069 1851 3120 utrum
1884 3063 2081 3122 hostes

313 3162 500 3237 magis
551 3162 834 3219 virtutem
887 3161 1014 3218 eius
1065 3166 1397 3236 pugnantes
1441 3160 1751 3217 timuerint
1791 3180 1871 3219 an
1921 3179 2081 3218 man-

306 3258 686 3316 suetudinem
724 3257 869 3314 victi
906 3257 1238 3317 dilexerint.
1321 3256 1404 3315 Et
1443 3257 1751 3333 quisquam
1786 3256 2081 3315 dubitabit

314 3355 461 3432 quin
485 3353 622 3411 huic
647 3352 757 3411 hoc
793 3359 1029 3411 tantum
1053 3353 1275 3411 bellum
1306 3353 1826 3412 transmittendum
1851 3354 1946 3426 sit,
1974 3353 2080 3430 qui
