2382 3787
330 234 408 295 20·
654 232 773 290 DE
821 213 1203 292 IMPERIO
1242 230 1367 291 GN.
1425 231 1763 292 POMPEI.

330 386 621 446 exercitus
645 405 770 444 esse
795 385 1140 443 commissos,
1225 385 1369 443 Fuit
1394 386 1552 443 enim
1576 385 1837 461 profecto
1863 387 2097 463 quibusa

330 486 468 542 dam
507 482 750 541 8111811118
793 482 939 538 viris
978 481 1265 557 quaedam
1310 481 1386 539 ad
1431 482 1878 556 amplitudinem
1919 487 1980 540 et
2018 484 2097 542 ad

330 580 574 657 gloriam
622 584 688 635 et
737 578 816 635 ad
867 596 961 635 res
1008 596 1253 652 magnas
1296 576 1445 635 bene
1486 577 1767 653 gerendas
1813 577 2099 637 divinitus

329 679 605 737 adiuncta
629 676 884 734 fortuna.
966 674 1061 731 De
1084 673 1264 732 huius
1288 678 1487 731 autem
1523 673 1778 731 hominis
1800 673 2095 747 felicitate,

329 776 403 834 de
440 793 560 851 quo
601 792 759 831 nunc
799 771 1040 847 agimus,
1081 770 1191 828 hac
1235 775 1375 827 utar
1414 770 1811 828 moderatione
1850 770 2096 843 dicendi,

329 889 450 927 non
467 875 539 926 ut
563 869 630 925 in
652 867 813 924 1111118
830 871 1120 942 potestate
1146 864 1447 923 fortunam
1465 867 1717 941 positam
1741 884 1866 924 8888
1890 866 2094 938 dicam,

330 964 433 1022 sed
458 969 530 1020 ut
554 961 871 1038 praeterita
895 959 1241 1028 meminisse,
1263 958 1491 1035 reliqua
1516 978 1750 1039 sperare
1776 959 2094 1032 videamur,

331 1079 407 1118 ne
446 1065 553 1117 aut
591 1058 782 1115 invisa
816 1056 908 1114 (118
940 1055 1371 1113 immortalibus
1410 1055 1597 1119 oratio
1636 1061 1839 1113 nostra
1876 1062 1983 1113 aut
2014 1057 2100 1113 in-

231 1157 306 1216 48
330 1161 499 1231 grata
537 1174 660 1212 esse
691 1154 976 1212 videatur.
1061 1152 1275 1227 Itaque
1313 1163 1601 1216 1188811111
1641 1152 2108 1228 praedicaturus,

333 1255 583 1326 quantas
607 1249 708 1306 1118
727 1267 820 1305 res
835 1247 993 1312 domi
1010 1246 1275 1321 militiae,
1296 1251 1455 1303 terra
1469 1247 1747 1322 marique,
1768 1253 2101 1324 quantaque

330 1347 614 1405 felicitate
666 1344 922 1421 gesserit,
968 1349 1040 1401 ut
1090 1344 1217 1401 eius
1259 1363 1485 1421 semper
1535 1345 1938 1402 voluntatibus
1982 1365 2103 1403 non

333 1443 508 1502 modo
557 1442 713 1500 cives
765 1441 1144 1512 adsenserint,
1193 1441 1333 1499 socii
1387 1440 1860 1524 obtemperarint,
1908 1439 2102 1499 hostes

332 1541 709 1614 oboedierint,
733 1539 835 1597 sed
856 1540 1034 1596 etiam
1049 1538 1216 1596 venti
1242 1543 1732 1614 tempestatesque
1755 1538 2103 1596 obsecunda-

332 1639 482 1696 rint:
540 1639 651 1695 hoc
694 1638 1030 1694 brevissime
1075 1637 1281 1707 dicam,
1320 1637 1614 1694 neminem
1654 1656 1934 1714 umquam
1976 1643 2102 1695 tam

331 1733 732 1810 impudentem
784 1733 981 1803 fuisse,
1027 1733 1129 1807 qui
1181 1732 1257 1791 ab
1299 1731 1392 1789 dis
1432 1732 1859 1793 immortalibus
1898 1738 1992 1790 tot
2041 1739 2103 1790 et

330 1836 530 1887 tantas
560 1849 654 1887 res
687 1830 902 1886 tacitus
939 1829 1182 1886 auderet
1220 1835 1440 1905 optare,
1471 1836 1615 1906 quot
1653 1836 1714 1886 et
1754 1835 2004 1906 quantas
2041 1829 2104 1887 di

331 1926 690 1984 immortales
728 1926 806 1984 ad
860 1926 962 1984 Cn.
1009 1925 1353 2000 Pompeium
1406 1925 1771 1989 detulerunt:
1826 1926 1984 2001 quod
2033 1932 2115 1983 ut.

331 2022 422 2078 illi
476 2022 779 2102 proprium
823 2040 892 2080 ac
931 2026 1279 2097 perpetuum
1322 2020 1415 2093 sit,
1462 2019 1737 2091 Quirites,
1779 2039 1914 2078 cum
1957 2040 2103 2079 com-

334 2117 530 2173 munis
558 2116 764 2179 salutis
789 2121 966 2191 atque
991 2116 1238 2190 imperii,
1268 2120 1398 2172 tum
1424 2115 1609 2191 ipsius
1633 2114 1887 2173 hominis
1912 2135 2099 2190 881188,

332 2212 509 2269 sicuti
536 2212 742 2283 facitis,
775 2212 923 2269 velle
948 2217 1009 2268 et
1036 2217 1240 2287 optare
1267 2212 1506 2269 debetis.

233 2319 308 2377 49
454 2308 649 2377 Quare
676 2328 809 2366 cum
836 2314 897 2365 et
920 2307 1139 2364 bellum
1164 2308 1245 2364 sit
1263 2308 1351 2364 ita
1369 2306 1771 2379 necessarium,
1791 2312 1863 2366 ut
1878 2306 2107 2383 neglegi

334 2424 455 2463 non
481 2405 681 2481 possit,
710 2405 797 2461 ita
830 2422 1123 2478 magnum,
1152 2410 1224 2461 ut
1257 2402 1689 2461 accuratissime
1727 2404 1807 2460 sit
1835 2403 2106 2461 adminis-

334 2502 630 2573 trandum,
661 2507 722 2558 et
747 2521 880 2558 811111
909 2501 965 2557 81
989 2500 1403 2575 imperatorem
1428 2499 1738 2576 praeficere
1762 2501 2012 2575 possitis,
2040 2500 2106 2557 in

336 2616 454 2672 quo
494 2597 572 2654 sit
610 2597 826 2654 eximia
863 2596 1004 2653 belli
1042 2596 1302 2667 scientia,
1331 2595 1645 2670 singularis
1681 2599 1888 2670 virtus,
1917 2598 2107 2656 818118-

337 2694 486 2752 811118.
530 2695 862 2765 auctmitas,
905 2694 1138 2768 egregia
1178 2692 1437 2764 fortuna,
1479 2693 1782 2767 dubitatis,
1828 2687 2103 2764 Quirites

338 2790 484 2867 quin
508 2788 619 2847 hoc
642 2795 880 2846 tantum
905 2790 1062 2860 boni,
1086 2789 1247 2864 quod
1271 2789 1439 2846 vobis
1463 2790 1539 2846 ab
1566 2790 1657 2847 dis
1681 2789 2108 2852 immortalibus
2228 2815 2248 2830 .

339 2867 603 2943 oblatum
628 2890 689 2943 et
716 2885 921 2942 datum
949 2891 1055 2957 est,
1084 2886 1151 2942 in
1174 2904 1300 2943 rem
1335 2885 1629 2962 publicam
1653 2885 2107 2948 conservandam

243 2985 314 3044 50
339 2987 517 3057 atque
581 2981 1049 3057 amplificandam
1114 2981 1466 3041 conferatis?
1567 2981 1786 3041 XVII.
1885 2982 2108 3051 Quodsi

340 3076 564 3134 Romae
616 3077 721 3134 On.
778 3076 1092 3151 Pompeius
1144 3077 1414 3152 privatus
1466 3082 1619 3134 esset
1668 3076 1779 3135 hoc
1828 3082 2106 3154 tempore,

343 3177 544 3227 tamen
570 3171 646 3229 ad
671 3177 907 3228 tantum
937 3172 1157 3229 bellum
1182 3173 1234 3230 is
1261 3179 1389 3230 erat
1409 3173 1750 3248 deligendus
1774 3180 1953 3251 atque
1976 3175 2108 3234 mit÷

339 3265 580 3325 tendus:
618 3286 793 3337 nunc,
821 3287 955 3324 cum
989 3267 1068 3324 ad
1101 3273 1324 3325 ceteras
1359 3287 1616 3327 8111111888
1654 3269 1945 3329 utilitates
1968 3271 2109 3332 11888

339 3379 571 3437 quoque
609 3363 1019 3436 opportunitas
1057 3362 1429 3439 adiungatur,
1458 3368 1530 3422 ut
1567 3363 1635 3422 in
1671 3365 1747 3424 iis
1785 3366 1929 3443 ipsis
1967 3368 2107 3431 18818
