2382 3787
354 204 430 261 24
674 205 797 263 DE
845 206 1217 264 IMPERIO
1272 203 1398 264 GN.
1457 204 1794 262 POMPEI.

350 380 540 437 neque
591 358 822 436 praeter
872 361 1342 418 intercessionem
1389 361 1707 436 quidquam
1748 360 1999 434 audiam,
2048 362 2124 421 de

353 478 484 536 qua,
513 465 584 517 ut
622 458 891 528 arbitror,
921 458 1024 514 isti
1063 458 1193 532 ipsi,
1224 458 1328 533 qui
1366 458 1685 527 minantur,
1726 457 1905 514 etiam
1943 463 2123 534 atque

352 555 532 611 etiam
582 546 743 628 quid¹
770 553 943 609 liceat
989 553 1452 610 considerabunt.
1535 553 1675 609 Mea
1716 553 1952 628 quidem
1998 574 2125 612 sen-

352 651 557 720 tentia,
614 648 888 719 Quirites,
945 668 1099 706 unus
1149 648 1227 706 A„
1288 648 1574 706 Gabinius
1638 648 1780 705 belli
1840 650 2124 707 maritimi

353 762 660 819 rerumque
699 750 994 818 gestarum
1035 744 1138 802 On.
1182 743 1461 818 Pompeio
1513 743 1704 800 socius
1754 743 2119 814 adscribitur,

354 845 661 915 propterea
702 840 857 915 quod
901 840 1052 896 alter
1096 839 1203 896 uni
1247 839 1397 896 fflud
1433 838 1654 896 bellum
1691 839 2122 914 suscipiendum

352 935 562 992 vestris
597 935 886 1010 suffragiis
923 934 1164 1006 detulit,
1184 935 1336 992 alter
1374 933 1635 992 delatum
1671 940 2121 1009 susceptumque

352 1031 615 1090 confecit„
1507 1074 1513 1081 .

251 1139 323 1198 59
469 1127 615 1185 ΧΧ.
699 1127 1017 1203 Reliquum
1043 1132 1134 1185 est
1157 1133 1230 1185 ut
1256 1127 1329 1185 de
1356 1127 1432 1196 Q.
1460 1126 1659 1184 Catuli
1684 1126 2032 1204 auctoritate
2058 1132 2120 1184 et

353 1225 646 1282 sententia
672 1224 981 1282 dicendum
1018 1243 1142 1281 esse
1168 1223 1454 1283 videatur.
1539 1223 1658 1293 Qui
1692 1243 1827 1280 eum
1854 1243 1930 1280 ex
1954 1223 2121 1281 vobis

355 1329 674 1398 quaereret,
703 1323 754 1379 si
780 1322 846 1379 in
886 1341 1004 1379 uno
1046 1321 1151 1381 On.
1181 1320 1461 1396 Pompeio
1496 1320 1694 1378 omnia
1723 1320 2035 1395 poneretis,
2065 1321 2119 1377 si

355 1420 498 1495 quid
543 1440 612 1478 eo
654 1420 875 1478 factum
921 1424 1087 1490 esset,
1121 1419 1188 1475 in
1233 1437 1350 1494 quo
1392 1437 1553 1493 spem
1597 1418 1799 1474 essetis
1838 1417 2116 1489 habituri,

350 1517 507 1591 oepit
531 1535 807 1591 magnum
832 1534 972 1572 suae
998 1514 1242 1571 virtutis
1265 1512 1526 1571 fructum
1551 1532 1619 1570 ae
1646 1512 1965 1587 dignitatis,
1985 1532 2118 1570 eum

351 1627 551 1669 ‘omnes
576 1632 695 1669 una
719 1631 897 1687 prope
911 1618 1064 1668 ‘voce
1089 1611 1156 1668 in
1190 1611 1317 1686 ipso
1345 1628 1451 1667 vos
1477 1629 1638 1686 spem
1664 1609 1971 1667 habituros
1996 1629 2119 1668 esse

351 1709 597 1766 dixistis,
681 1708 918 1769 Etenim
937 1708 1075 1764 talis
1101 1712 1191 1765 est
1218 1707 1325 1778 vir,
1349 1711 1421 1763 ut
1444 1706 1609 1763 nufla
1634 1725 1726 1764 res
1750 1710 1922 1762 tanta
1947 1705 2026 1763 sit
2051 1724 2118 1763 ae

349 1807 474 1857 tam
500 1800 762 1871 difficffis,
792 1820 968 1875 quam
994 1800 1095 1857 isse
1120 1819 1242 1856 non
1269 1804 1330 1856 et
1356 1799 1597 1857 consilio
1636 1816 1832 1873 regere
1873 1803 1934 1854 et
1972 1798 2119 1856 inte-

349 1897 563 1971 gritate
578 1897 732 1952 tueri
753 1902 812 1953 et
827 1896 1049 1954 virtute
1065 1885 1343 1953 conficere
1359 1895 1557 1971 possit.
1642 1893 1758 1952 Sed
1782 1895 1847 1951 in
1861 1895 1970 1952 hoo
1988 1895 2115 1970 ipso

346 1992 426 2048 ab
452 2010 519 2048 eo
547 1991 1050 2048 vehementissime
1078 1991 1374 2064 dissentiO,
1405 1991 1575 2066 quod,
1600 2009 1714 2066 quo
1741 1990 1935 2047 minus
1961 1997 2119 2048 certa

351 2094 440 2144 est
478 2087 780 2145 hominum
818 2109 887 2146 ae
926 2090 1121 2147 minus
1160 2089 1443 2147 diuturna
1485 2089 1625 2159 vita,
1654 2088 1763 2146 hoc
1802 2089 1987 2164 magis
2025 2108 2119 2147 res

351 2185 596 2259 publica,
642 2185 783 2242 dum
835 2204 943 2263 per
992 2186 1129 2244 deos
1180 2176 1539 2242 immortales
1584 2186 1735 2256 lieet,
1781 2184 1901 2241 frui
1945 2185 2119 2243 debet

252 2286 324 2343 60
351 2282 563 2337 summi
589 2282 704 2339 viri
729 2282 854 2339 vita
878 2288 1055 2359 atque
1082 2282 1321 2339 virtute.
1404 2280 1496 2338 At
1522 2281 1680 2337 enim
1702 2285 1801 2338 ‘ne
1822 2280 1963 2355 quid
1978 2280 2118 2337 novi

351 2378 457 2434 fiat
501 2374 705 2434 co'ntra
739 2377 1003 2452 exempla
1043 2382 1221 2452 atque
1259 2368 1545 2433 ¹instituta
1578 2375 1897 2432 maiorum!
1977 2375 2117 2432 Non

351 2473 541 2531 dicam
578 2474 688 2532 hoe
725 2475 865 2544 1000,
895 2474 1140 2531 maiores
1178 2480 1410 2530 nostros
1441 2492 1667 2548 semper
1705 2473 1772 2530 in
1811 2492 1952 2549 pace
1991 2492 2119 2530 oon-

353 2568 665 2639 suetudini,
693 2570 763 2626 in
791 2570 943 2626 bello
976 2569 1226 2626 utilitati
1258 2569 1534 2644 paruisse,
1566 2582 1793 2644 semper
1823 2567 1900 2625 ad
1934 2586 2117 2625 novos

352 2682 517 2720 casus
541 2670 869 2739 temporum
895 2684 1180 2722 novorum
1217 2664 1588 2722 consiliorum
1614 2664 1870 2721 rationes
1904 2682 2117 2719 accom-

352 2760 647 2831 modasse3
705 2780 826 2817 non
878 2760 1081 2831 dicam,
1103 2814 1112 2826 ,
1138 2761 1256 2818 duo
1306 2760 1462 2818 bella
1506 2761 1779 2829 maxima,
1824 2757 2114 2815 Punicum

350 2863 527 2931 atque
579 2856 986 2930 Hispaniense,
1029 2856 1104 2913 ab
1143 2875 1263 2913 uno
1302 2856 1652 2931 imperatore
1689 2872 1812 2911 esse
1852 2851 2116 2911 confecta

351 2951 610 3027 duasque
676 2949 848 3007 urbes
921 2950 1372 3024 potentissimas,
1438 2969 1589 3025 quae
1660 2948 1797 3005 huic
1870 2947 2114 3024 imperio

352 3046 604 3103 maxime
657 3044 1098 3118 minitabantur,
1149 3045 1580 3120 Karthaginem
1634 3049 1811 3120 atque
1853 3043 2115 3101 Numan-

353 3125 523 3210 tiam,
543 3141 617 3197 ab
644 3141 845 3197 eodem
883 3140 1149 3216 Scipione
1182 3160 1305 3199 esse
1340 3141 1594 3212 deletas;
1634 3160 1755 3198 non
1782 3159 2113 3197 commemo-

354 3235 510 3306 rab0,
532 3254 719 3310 nuper
744 3236 830 3318 ita
847 3237 1011 3294 vobis
1031 3237 1409 3312 patribusque
1430 3236 1641 3293 vestris
1667 3255 1789 3293 esse
1815 3236 2024 3306 visum,
2046 3242 2113 3292 ut

351 3330 417 3387 in
447 3348 566 3386 uno
604 3329 666 3387 O.
698 3330 891 3388 Mario
932 3351 1061 3407 spes
1085 3332 1318 3407 imperii
1344 3338 1675 3407 poneretur,
1705 3336 1776 3389 ut
1800 3331 1957 3388 idem
1984 3348 2112 3388 eum
