2382 3787
616 228 735 287 DE
782 227 1146 287 IMPERIO
1201 228 1330 288 GN.
1387 227 1725 288 POMPEI.
1987 228 2061 286 19

295 382 569 455 Quirites,
580 383 696 441 nisi
714 383 790 441 ad
805 383 997 458 ipsum
1017 381 1329 451 discrimen
1345 382 1469 439 eius
1483 382 1763 457 temporis
1778 380 2063 438 divinitus

295 480 400 539 On.
431 479 775 556 Pompeium
800 480 879 538 ad
905 499 1004 537 eas
1027 480 1293 555 regiones
1312 478 1553 537 fortuna
1577 478 1781 555 populi
1806 478 2062 536 Romani

291 577 602 635 attulisset.
686 574 888 633 Huius
926 576 1218 634 adventus
1256 581 1320 633 et
1365 576 1779 634 Mithridatem
1822 574 2064 633 insolita

290 674 563 731 inflatum
589 674 836 731 victoria
861 673 1155 731 continuit
1185 679 1248 730 et
1278 673 1589 748 Tigranem
1623 672 1851 747 magnis
1882 671 2062 747 copiis

290 769 662 827 minitantem
688 769 870 827 Asiae
895 769 1236 827 retardavit.
1321 768 1404 824 Et
1422 768 1729 844 quisquam
1745 767 2060 838 dubitabit,

290 865 436 940 quid
477 867 698 924 virtute
741 866 1105 942 perfecturus
1149 866 1245 936 sit,
1283 865 1388 941 qui
1431 871 1667 922 tantum
1709 864 2060 922 auctoritate

290 963 623 1038 perfecerit'l
679 970 785 1021 aut
830 983 1006 1039 quam
1051 963 1222 1022 facile
1273 964 1520 1039 imperio
1569 969 1748 1039 atque
1799 963 2059 1020 exercitu

289 1059 473 1117 socios
503 1065 566 1117 et
602 1061 909 1135 vectigalia
946 1066 1395 1118 conservaturus
1419 1061 1514 1131 sit,
1544 1060 1648 1136 qui
1673 1060 1799 1135 ipso
1823 1059 2059 1118 nomine

290 1177 359 1216 ac
411 1178 642 1217 rumore
696 1160 1053 1219 defenderit?
1158 1161 1339 1220 XVI.
1437 1162 1571 1235 Age
1622 1178 1762 1218 vero
1812 1161 1917 1218 illa
1967 1180 2060 1219 res
2084 1163 2161 1220 46

289 1261 572 1329 quantam
599 1256 856 1315 declarat
890 1256 1148 1314 eiusdem
1174 1256 1429 1314 hominis
1455 1255 1613 1331 apud
1638 1254 1834 1312 hostes
1858 1256 2060 1332 populi

290 1353 545 1411 Romani
583 1354 1007 1426 auctoritatem,
1055 1353 1214 1428 quod
1251 1372 1328 1410 ex
1378 1352 1518 1409 locis
1558 1357 1683 1409 tam
1727 1351 2061 1427 longinquis

288 1456 528 1525 tamque
553 1450 798 1508 diversis
824 1454 949 1506 tam
974 1449 1141 1506 brevi
1169 1455 1433 1525 tempore
1460 1466 1660 1506 omnes
1692 1446 1830 1504 huic
1860 1466 1923 1504 se
1953 1449 2059 1504 uni

290 1544 671 1602 dediderunt:
725 1543 884 1621 quod
929 1543 1298 1602 Cretensium
1342 1543 1537 1618 legati,
1575 1558 1708 1601 cum
1749 1542 1816 1599 in
1860 1560 2060 1600 eorum

289 1640 483 1697 insula
532 1648 733 1698 noster
782 1640 1101 1715 imperator
1151 1639 1557 1715 exercitusque
1609 1645 1777 1710 esset,
1824 1638 1903 1696 ad
1949 1638 2055 1696 On.

290 1734 634 1811 Pompeium
671 1735 738 1793 in
775 1735 1015 1793 ultimas
1052 1755 1234 1812 prope
1266 1743 1455 1794 terras
1479 1743 1770 1794 venerunt
1803 1736 1972 1811 eique
1997 1754 2059 1792 se

288 1849 489 1889 omnes
541 1832 910 1889 Cretensium
962 1832 1233 1890 civitates
1284 1832 1496 1891 dedere
1549 1832 1700 1891 velle
1752 1833 2058 1890 dixerunt!

290 1927 477 1997 Quid't
534 1929 691 1986 idem
729 1929 842 1986 iste
881 1929 1264 1988 Mithridates
1302 1950 1495 1990 nonne
1533 1931 1612 1989 ad
1652 1932 1901 1990 eundem
1948 1930 2052 1989 On.

291 2024 633 2100 Pompeium
672 2024 931 2099 legatum
970 2043 1155 2101 usque
1194 2025 1261 2081 in
1300 2025 1654 2101 Hispaniam
1692 2027 1882 2084 misit‘l
1922 2045 2057 2083 eum

286 2140 462 2197 quem
502 2121 817 2196 Pompeius
853 2121 1112 2195 legatum
1153 2140 1382 2196 semper
1418 2122 1717 2196 iudicavit,
1750 2123 1811 2194 ii,
1844 2122 2058 2198 quibus

287 2224 417 2275 erat
441 2218 751 2276 molestum
775 2217 854 2275 ad
880 2235 1015 2274 eum
1041 2216 1411 2292 potissimum
1438 2237 1561 2275 esse
1586 2218 1843 2290 missum,
1863 2238 2056 2295 specu-

287 2313 534 2371 latorem
572 2332 749 2389 quam
787 2312 1046 2387 legatum
1083 2312 1332 2369 iudicari
1369 2313 1718 2372 maluerunt.
1802 2314 2058 2372 Potestis

287 2409 471 2482 igitur
520 2409 639 2466 iam
692 2410 1062 2479 constituere,
1113 2408 1389 2480 Quirites,
1424 2409 1576 2467 hanc
1628 2412 2053 2482 auctoritatem,

287 2502 492 2560 multis
525 2509 728 2579 postea
766 2503 940 2561 rebus
977 2502 1158 2577 gestis
1195 2503 1537 2577 magnisque
1575 2504 1787 2561 vestris
1824 2504 2057 2562 iudiciis

286 2599 715 2674 amplificatam,
736 2605 1024 2674 quantum
1049 2599 1210 2673 apud
1233 2598 1367 2658 illos
1391 2617 1570 2673 reges,
1592 2605 1878 2675 quantum
1896 2601 2054 2676 apud

285 2701 518 2753 exteras
543 2695 812 2753 nationes
837 2695 1155 2752 valituram
1182 2713 1307 2752 esse
1332 2695 1695 2755 existimetis.

405 2791 724 2868 Reliquum
751 2797 842 2850 est
865 2798 936 2849 ut
962 2791 1035 2849 de
1059 2791 1356 2865 felicitate,
1381 2811 1557 2869 quam
1583 2799 1877 2868 praestare
1904 2792 1976 2850 de
1992 2811 2053 2850 se
2079 2808 2156 2867 4²1

285 2886 414 2961 ipso
438 2905 610 2944 nemo
636 2886 1199 2962 potest‚.meminisse
1225 2892 1287 2944 et
1301 2905 1747 2945 commemorare
1773 2887 1846 2945 de
1870 2887 2055 2945 altero

286 2975 607 3059 possumuS,
665 2983 819 3040 sicut
868 3001 1121 3058 aequum
1173 2990 1265 3041 est
1315 2983 1579 3042 homines
1631 2983 1703 3041 de
1767 2989 2057 3059 potestate

286 3078 543 3154 deorum,
601 3079 809 3137 timide
860 3085 921 3136 et
973 3098 1158 3154 pauca
1210 3080 1484 3139 dicamus.
1587 3081 1714 3155 Ego
1765 3080 1922 3138 enim
1975 3081 2057 3138 sic

286 3176 576 3251 existim0‚
610 3175 892 3246 Maximo,
923 3175 1219 3246 Marcello,
1243 3175 1514 3251 Scipioni,
1545 3175 1738 3233 Mario
1764 3182 1827 3234 et
1850 3177 2058 3234 ceteris

287 3274 515 3349 magnis
537 3274 986 3349 imperatoribus
1010 3292 1131 3331 non
1156 3273 1346 3331 solum
1371 3279 1609 3349 propter
1634 3273 1930 3349 virtutem,
1954 3275 2055 3332 sed

287 3368 466 3427 etiam
485 3375 722 3446 propter
740 3368 1040 3430 fortunam
1066 3369 1295 3444 saepius
1320 3369 1565 3445 imperia
1582 3371 1861 3430 mandata
1877 3376 2055 3447 atque
