2382 3787
329 214 404 272 18
555 244 560 257 v
651 212 773 271 DE
824 210 1193 270 IMPERIO
1245 208 1366 271 CN.
1424 209 1763 270 POMPEI.

317 367 395 425 ad
435 369 631 426 omnia
668 375 904 426 nostrae
943 368 1255 425 memoriae
1293 367 1449 424 bella
1488 366 1845 425 conficienda
1884 365 2092 427 divino

317 464 571 540 quodam
597 465 836 523 oonsilio
861 471 1038 522 natus
1064 483 1188 522 esse
1215 464 1515 522 videatur'l

215 572 292 631 43
434 560 578 620 XV.
676 562 759 619 Et
811 563 1089 640 quoniam
1142 563 1463 621 auctoritas
1517 580 1747 638 quoque
1799 561 1866 619 in
1916 561 2085 623 bellis

316 656 795 716 administrandis
813 658 1068 717 multum
1093 664 1273 734 atque
1291 659 1358 715 in
1382 658 1628 732 imperio
1648 656 1891 714 militari
1908 657 2083 728 valet,

315 758 471 809 certe
495 754 720 818 nemini
740 753 984 811 dubium
1009 760 1099 811 est
1125 755 1273 829 quin
1297 773 1369 812 ea
1394 772 1458 809 re
1471 751 1628 809 idem
1653 752 1755 809 ine
1768 753 2086 828 imperator

313 847 633 923 plurimum
685 849 884 925 possit.
967 849 1371 907 Vehementer
1414 853 1614 906 autem
1665 848 1957 924 pertinere
2008 849 2084 907 ad

311 942 466 1001 bella
509 943 988 1019 administranda,
1040 944 1186 1020 quid
1223 944 1443 1015 hostes,
1492 943 1638 1019 quid
1683 944 1825 1002 socii
1868 944 1942 1003 de
1982 946 2086 1003 im-

313 1040 680 1115 peratoribus
712 1041 932 1098 nostris
966 1041 1323 1113 existiment,
1354 1040 1487 1116 quis
1512 1041 1761 1116 ignorat,
1789 1059 1922 1098 eum
1948 1041 2086 1099 seia-

312 1153 446 1194 mus
472 1134 738 1193 homines
768 1136 835 1193 in
867 1135 1055 1194 tantis
1089 1136 1280 1207 rebus,
1320 1141 1390 1194 ut
1423 1142 1531 1193 aut
1568 1142 1947 1194 contemnant
1979 1144 2087 1195 aut

312 1240 597 1310 metuant,
629 1242 736 1293 aut
773 1235 1009 1294 oderint
1032 1241 1146 1293 aut
1177 1240 1395 1306 ament,
1426 1233 1699 1310 opinione
1736 1254 1857 1292 non
1890 1235 2086 1294 minus

311 1336 373 1390 et
397 1332 558 1390 fama
582 1352 758 1408 quam
783 1333 983 1409 aliqua
1007 1332 1237 1390 ratione
1268 1338 1430 1389 certa
1456 1332 1836 1391 commoveri‘l
1915 1332 2085 1402 Quod

311 1430 496 1505 igitur
523 1449 739 1489 nomen
774 1450 1055 1507 umquam
1085 1431 1152 1487 in
1190 1430 1334 1488 orbe
1367 1436 1660 1487 terrarum
1696 1430 1911 1489 elarius
1939 1429 2087 1488 fuit?

311 1528 477 1586 euius
514 1547 609 1586 res
646 1535 843 1603 gestae
881 1530 1081 1605 pares‘l
1118 1527 1195 1586 de
1231 1545 1351 1603 quo
1388 1525 1628 1585 homine
1663 1545 1785 1598 vos,
1825 1526 1891 1585 id
1928 1526 2083 1604 quod

311 1623 565 1681 maxime
618 1622 763 1681 facit
813 1623 1242 1693 auctoxitatem,
1290 1627 1463 1679 tanta
1514 1628 1576 1679 et
1619 1627 1744 1679 tam
1790 1622 2085 1698 praeclara

213 1731 290 1788 44
310 1719 527 1777 iudicia
545 1718 794 1777 fecistis?
877 1720 977 1775 An
1004 1738 1144 1778 vero
1159 1719 1346 1776 ullam
1369 1730 1615 1794 usquam
1634 1737 1757 1776 esse
1773 1738 1934 1778 oram
1959 1725 2083 1776 tam

311 1818 600 1877 desertam
626 1815 866 1891 putatis,
896 1833 1014 1891 quo
1050 1830 1175 1873 non
1206 1812 1367 1872 illius
1401 1814 1519 1892 diei
1554 1814 1713 1872 fama
1743 1815 2080 1890 pervaserit,

309 1934 443 1973 eum
464 1913 773 1971 universus
797 1911 1051 1988 populus
1081 1911 1387 1970 Romanus
1424 1910 1644 1969 referto
1679 1912 1808 1969 foro
1840 1912 2083 1988 eomple-

308 2015 502 2090 tisque
540 2012 810 2071 omnibus
839 2011 1091 2087 templis,
1130 2028 1209 2068 ex
1246 2010 1460 2086 quibus
1497 2009 1594 2067 hie
1631 2009 1792 2068 locus
1822 2010 2083 2086 eonspici

309 2116 519 2187 potest,
540 2126 727 2167 unum
742 2108 855 2166 sibi
879 2108 958 2166 ad
983 2126 1290 2166 commune
1307 2108 1568 2165 omnium
1583 2108 1849 2182 gentium
1862 2108 2081 2165 bellum

311 2207 416 2265 Cn.
460 2206 807 2283 Pompeium
846 2206 1261 2284 imperatorem
1299 2203 1664 2280 depoposcit'l
1742 2204 1970 2280 Itaque,
2012 2210 2083 2261 ut

311 2295 483 2382 plura
512 2324 635 2363 non
664 2304 855 2362 dicam
893 2322 1085 2379 neque
1123 2302 1375 2359 aliorum
1409 2301 1692 2377 exemplis
1729 2301 2078 2373 confirmem,
2165 2305 2174 2311 ‘

312 2407 601 2478 quantum
653 2400 974 2459 auctoritas
1025 2399 1225 2458 valeat
1273 2399 1341 2456 in
1379 2398 1550 2471 bello,
1599 2399 1675 2457 ab
1720 2400 1923 2460 eodem
1970 2400 2076 2459 On.

311 2499 589 2575 Pompeio
605 2498 867 2556 omnium
881 2515 1079 2555 rerum
1086 2494 1450 2572 egregiarum
1466 2494 1732 2570 exempla
1747 2500 2081 2553 sumantur:

313 2598 417 2674 qui
458 2603 574 2674 quo
620 2597 717 2655 die
761 2616 800 2654 a
839 2596 1006 2654 vobis
1045 2594 1345 2652 maritimo
1389 2593 1543 2651 bello
1589 2594 1953 2669 praepositus
1992 2600 2082 2649 est

313 2699 645 2774 imperator,
694 2700 868 2752 tanta
911 2698 1153 2770 repente
1199 2691 1401 2749 vilitas
1438 2709 1705 2748 annonae
1746 2708 1823 2747 ex
1856 2708 2083 2747 summa

313 2794 511 2868 inopia
536 2797 598 2851 et
623 2791 867 2849 caritate
891 2790 979 2848 rei
1014 2787 1435 2846 frumentariae
1461 2791 1767 2844 eonseouta
1792 2790 1882 2842 est
1906 2784 2083 2842 unius

313 2888 567 2947 hominis
601 2906 705 2963 spe
741 2904 810 2943 ae
843 2884 1098 2956 nomine,
1127 2888 1411 2959 quantam
1446 2882 1552 2938 vix
1577 2881 1643 2939 in
1668 2898 1894 2938 summa
1917 2878 2082 2936 uber-

213 2996 290 3056 45
312 2988 438 3041 tate
489 2999 761 3057 agrorum
813 2979 1095 3037 diuturna
1135 2995 1256 3055 pax
1296 2978 1517 3034 efficere
1569 2974 1868 3051 potuisset.
1951 2972 2082 3030 Iam

312 3082 549 3152 aneepta
578 3076 645 3132 in
679 3075 873 3133 Ponto
904 3073 1240 3132 calamitate
1275 3092 1352 3130 ex
1378 3091 1446 3130 eo
1473 3070 1706 3147 proeli0,
1738 3069 1811 3127 de
1837 3088 1954 3147 quo
1978 3087 2085 3126 vos

313 3173 489 3250 paulo
522 3178 661 3229 ante
695 3172 921 3230 invitus
950 3170 1246 3241 admonui,
1276 3182 1409 3227 cum
1448 3167 1587 3226 socii
1627 3166 2081 3244 pertimuissent,

315 3266 574 3325 hostium
605 3285 741 3342 opes
771 3265 1070 3342 animique
1104 3265 1439 3335 crevissent,
1469 3262 1614 3322 satis
1651 3262 1888 3320 firmum
1927 3280 2086 3338 prae-

316 3361 532 3423 sidium
590 3362 891 3436 provinoia
954 3381 1075 3419 non
1139 3360 1398 3432 haberet,
1453 3359 1795 3418 amisissetis
1860 3358 2084 3430 Asiam,
