2382 3787
592 223 712 281 DE
761 223 1128 283 IMPERIO
1183 223 1313 284 CN.
1369 224 1709 285 POMPEI.
1966 225 2040 285 13

270 393 424 450 quae
461 375 688 451 magnis
727 395 1002 452 oppressa
1029 375 1290 433 hostium
1325 377 1505 453 copiis
1543 396 1744 434 eorum
1783 376 2044 452 ipsorum

271 472 557 546 sanguine
601 472 998 530 redundavit:
1064 474 1236 531 testis
1298 475 1392 531 ‘est
1446 474 1656 546 Gallia,
1712 494 1817 551 per
1869 494 2046 551 quam

272 567 600 643 legionibus
628 568 846 626 nostris
879 569 998 625 iter
1033 567 1099 624 in
1134 568 1491 645 Hispaniam
1527 571 1830 628 Gallorum
1869 570 2048 627 inter·

273 665 504 722 nicione
557 665 918 740 patefactum
970 672 1094 726 este
1161 667 1333 724 testis
1386 673 1478 725 est
1530 667 1840 743 Hispania,
1897 687 2046 742 quae

275 760 609 837 saepissime
648 746 929 837 plurimos
966 762 1165 821 hostes
1201 756 1278 819 ab
1312 755 1423 820 hoe
1461 769 1763 839 superatos
1797 768 2047 839 prostra-

274 864 484 933 tosque
519 857 822 933 conspexit
848 879 860 915 :
899 860 1070 916 testis
1109 865 1200 917 est
1234 859 1451 916 iterum
1483 865 1545 917 et
1583 860 1813 935 saepius
1848 859 2045 931 Italia,
2085 914 2092 921 .

276 973 428 1030 quae
444 972 576 1011 eum
596 955 794 1011 servili
812 955 967 1012 bello
993 962 1185 1013 taetro
1212 955 1647 1031 periculosoque
1667 962 2044 1031 premeretur,

277 1053 354 1109 ab
380 1051 489 1109 hoo
513 1042 802 1109 auxilium
827 1052 1067 1109 absente
1087 1052 1391 1128 expetivit,
1413 1044 1571 1127 quod
1584 1052 1804 1109 bellum
1820 1066 2049 1129 exspec-

277 1147 503 1205 tatione
530 1148 655 1205 eius
679 1153 1053 1205 attenuatum
1071 1154 1249 1224 atque
1267 1148 1646 1207 imminutum
1665 1155 1769 1219 est,
1787 1149 2048 1206 adventu

263 1244 576 1302 sublatum
615 1257 683 1301 ae
721 1245 1050 1319 sepultum:
1096 1250 1277 1302 testes
1312 1258 1473 1301 nuno
1512 1263 1651 1301 vero
1689 1244 1809 1300 iam
1848 1264 2049 1302 omnes
2080 1250 2149 1308 31

280 1358 415 1397 orae
440 1345 618 1414 atque
658 1356 859 1398 omnes
892 1346 1127 1397 exterae
1153 1346 1356 1415 gentes
1382 1360 1450 1398 ac
1485 1341 1767 1410 nationes,
1798 1338 2048 1416 denique
2161 1338 2168 1345 ⁴

281 1435 466 1493 maria
492 1436 704 1506 omnia,
728 1455 859 1493 cum
886 1437 1174 1508 universa,
1193 1443 1323 1494 tum
1349 1437 1415 1492 in
1441 1436 1685 1510 singulis
1705 1436 1824 1493 oris
1849 1448 2050 1494 omnes

282 1532 446 1588 sinus
471 1537 647 1606 atque
674 1537 894 1607 portus.
979 1531 1126 1600 Quis
1152 1532 1309 1589 enim
1333 1537 1462 1590 toto
1481 1532 1631 1588 mari
1646 1531 1806 1589 locus
1821 1551 1926 1607 per
1944 1532 2051 1589 hos

282 1643 469 1682 annos
519 1630 626 1682 aut
677 1631 801 1681 tam
839 1626 1074 1682 firmum
1113 1625 1323 1682 habuit
1360 1626 1732 1701 praesidium,
1775 1632 1855 1699 ut,
1883 1617 2072 1683 tutus⁸

283 1726 450 1790 esset,
479 1725 586 1778 aut
610 1709 734 1776 tam
760 1721 877 1777 fuit
903 1720 1155 1791 abditus,
1185 1727 1257 1777 ut
1282 1721 1525 1778 lateret?
1569 1720 1716 1789 Quis
1731 1720 2050 1795 navigavit,

283 1815 388 1890 qui
411 1833 535 1872 non
561 1834 622 1872 se
648 1820 755 1872 aut
788 1816 994 1872 mortis
1028 1821 1135 1873 aut
1170 1817 1474 1874 servitutis
1509 1817 1766 1892 periculo
1797 1817 2056 1874 commit-

284 1918 452 1983 teret,
497 1932 631 1970 eum
683 1920 790 1970 aut
841 1914 1032 1973 hieme
1083 1921 1189 1973 aut
1236 1914 1453 1972 referto
1499 1916 1861 1991 praedonum
1906 1909 2057 1972 mari

285 2010 629 2084 navigaret?
686 2010 822 2068 Hoc
840 2017 1077 2068 tantum
1101 2011 1337 2082 bellum,
1354 2017 1480 2069 tam
1507 2018 1695 2087 turpe,
1714 2018 1839 2069 tam
1866 2018 2052 2082 vetus,

284 2112 410 2163 tam
435 2105 554 2163 late
582 2101 836 2164 divisum
862 2114 1039 2184 atque
1066 2108 1392 2183 dispersum
1422 2108 1555 2183 quis
1594 2128 1873 2184 umquam
1908 2109 2057 2165 arbi*

286 2207 548 2260 traretur
577 2208 684 2259 aut
719 2203 795 2260 ab
834 2199 1104 2261 omnibus
1134 2202 1586 2277 imperatoribus
1616 2222 1736 2260 uno
1767 2222 1923 2259 anno
1950 2208 2057 2259 aut

287 2300 558 2356 omnibus
573 2299 745 2356 annis
764 2299 838 2357 ab
858 2311 978 2357 uno
997 2300 1349 2374 fflperatore
1369 2299 1573 2356 confici
1592 2300 1794 2374 posse?
1863 2298 2056 2367 Quam
2080 2295 2155 2354 32

282 2395 649 2470 provinciam
679 2394 956 2452 tenuistis
991 2414 1029 2452 a
1062 2395 1455 2470 praedonibus
1487 2389 1732 2450 liberam
1758 2413 1863 2469 per
1886 2395 2059 2452 hosce

287 2490 514 2547 annos?
551 2489 711 2564 quod
745 2489 996 2565 vectigal
1031 2491 1198 2547 vobis
1221 2496 1420 2547 tutum
1447 2489 1602 2546 fuiti
1640 2508 1812 2564 quem
1840 2489 2059 2546 socium

289 2582 675 2642 defendistis‘l
737 2584 835 2641 eui
887 2585 1177 2660 praesidio
1230 2584 1510 2641 elassibus
1559 2584 1771 2641 vestris
1823 2582 2057 2640 fuistis?

292 2679 484 2749 Quam
522 2680 741 2737 multas
776 2681 1128 2738 existimatis
1161 2680 1385 2737 insulas
1420 2698 1543 2737 esse
1579 2680 1851 2750 desertas,
1883 2697 2060 2752 quam
2094 2667 2150 2739 >(

290 2773 508 2832 multas
560 2780 667 2832 aut
707 2780 871 2832 metu
918 2775 1151 2832 relictas
1190 2780 1299 2831 aut
1347 2794 1388 2831 a
1428 2774 1819 2850 praedonibus
1860 2777 2059 2847 captas

291 2872 464 2929 urbes
489 2891 614 2929 esse
639 2873 964 2930 sociorum'b
1041 2871 1197 2930 XII.
1281 2871 1397 2930 Sed
1432 2870 1575 2946 quid
1610 2889 1716 2944 ego
1741 2867 2060 2943 longinqua

291 2970 706 3028 commemoro‘l
757 2969 901 3025 Fuit
919 2969 1029 3025 hoc
1056 2967 1367 3042 quondam,
1385 2967 1505 3024 fuit
1529 2965 1831 3042 proprium
1857 2964 2062 3039 populi

293 3064 563 3137 Romani,
585 3066 757 3141 longe
782 3085 819 3123 a
838 3065 1010 3123 domo
1035 3065 1253 3122 bellare
1274 3071 1335 3123 et
1360 3058 1810 3140 propugnaculis
1829 3061 2060 3136 imperii

170 3216 179 3225 ,
290 3161 579 3219 sociorum
623 3162 908 3235 fortunas,
956 3177 1077 3219 non
1122 3182 1229 3219 sua
1268 3167 1426 3219 tecta
1467 3160 1793 3218 defendere.
1877 3159 2060 3218 Sociis

292 3278 399 3335 ego
424 3260 642 3318 nostris
661 3278 820 3318 mare
847 3280 952 3336 per
966 3260 1136 3317 hosce
1162 3278 1348 3316 annos
1374 3258 1634 3315 clausum
1649 3256 1827 3313 fuisse
1853 3256 2056 3327 dicam,

291 3376 426 3416 cum
453 3357 744 3416 exereitus
771 3356 953 3413 vestri
978 3374 1299 3432 numquam
1325 3374 1362 3412 a
1388 3353 1704 3411 Brundisio
1730 3352 1846 3410 nisi
1871 3352 2059 3410 hieme

1749 3466 1901 3522 5-2
