2382 3787
624 189 748 248 DE
795 168 1161 249 IMPERIO
1220 187 1348 251 GN.
1408 181 1748 250 POMPEI.
2026 190 2061 248 9

296 348 473 422 quam
500 346 565 403 L.
597 345 878 404 Lucullus
902 328 1141 417 virtute,
1171 344 1532 417 assiduitate,
1555 344 1795 403 consilio
1822 344 2063 403 summis

293 440 613 498 obsidionis
664 440 937 517 periculis
980 440 1290 498 liberavit:
1344 440 1420 497 ab
1466 440 1667 498 eodem
1713 440 2062 515 imperatore
2088 441 2158 499 21

148 604 155 609 .
227 586 263 617 c.
293 535 533 593 classem
558 554 831 611 magnam
856 541 917 593 et
943 542 1225 608 ornatam,
1257 555 1405 612 quae
1444 536 1687 594 ducibus
1714 535 2064 594 Sertorianis

95 637 261 730 5471,ss
292 631 370 689 ad
396 632 635 690 Italiam
650 632 847 691 studio
861 633 1224 691 inflammata
1245 636 1561 730 Qeretun
1586 638 1919 708 superatam
1939 651 2062 690 esse

93 719 119 739 ³
292 734 471 804 atque
510 728 839 805 depressam
849 746 874 802 ‘3
927 750 1168 805 magnas
1207 730 1466 788 hostium
1516 737 1817 807 praeterea
1869 731 2062 806 copias
2096 777 2101 781 .

292 823 496 882 multis
548 824 783 900 proeliis
835 845 958 884 esse
1024 826 1246 885 deletas
1311 826 1780 903 patefactumque
1844 829 2063 887 nostris
2085 829 2149 915 ’,7
2179 824 2236 885 2.
2260 852 2282 866 ’
2295 821 2373 895 70

291 921 618 999 legionibus
657 942 781 982 esse
813 923 1087 995 Pontum,
1119 926 1222 1000 qui
1248 931 1423 982 antea
1448 925 1663 1001 populo
1692 924 1959 983 Romano
1986 945 2063 983 ex
2163 956 2256 1013 >ti
2272 932 2291 1011 ξ
2307 958 2346 1001 ν

291 1019 453 1076 omni
491 1020 658 1077 aditu
697 1020 927 1077 clausus
965 1020 1173 1078 fuisset
1180 1041 1200 1093 3
1254 1022 1511 1097 Sinopen
1548 1027 1727 1098 atque
1766 1022 2058 1095 Amisum,

291 1115 504 1190 quibus
529 1115 594 1172 in
620 1116 848 1192 oppidis
875 1123 1044 1174 erant
1069 1117 1362 1198 dorin—cilia
1395 1118 1562 1193 regis,
1592 1118 1862 1175 omnibus
1887 1119 2061 1177 rebus

290 1218 527 1268 ornatas
552 1217 730 1287 atque
755 1211 1016 1284 refertas,
1046 1219 1381 1289 ceterasque
1419 1214 1593 1270 urbes
1619 1212 1799 1271 Ponti
1827 1220 1889 1271 et
1914 1214 2060 1290 Cap-

290 1307 564 1383 padociae
589 1309 909 1384 permultas
935 1328 1053 1367 uno
1079 1310 1247 1368 aditu
1283 1310 1657 1387 adventuque
1683 1330 1806 1369 esse
1832 1320 2030 1388 captas
2039 1333 2058 1385 3

290 1414 484 1480 regem
519 1404 833 1480 spoliatum
872 1406 1277 1481 regnQpatrio
1312 1412 1490 1482 atque
1524 1407 1687 1485 agito
1722 1406 1800 1464 ad
1824 1407 1969 1465 alios
1995 1428 2059 1466 se

289 1514 453 1574 reges
486 1483 772 1576 atque⁶ad
806 1501 951 1558 alias
984 1508 1187 1576 gentes
1223 1498 1300 1559 su*
1372 1503 1541 1560 licem
1576 1503 1927 1585 cont-ulisse:
1972 1509 2058 1561 atss

288 1616 402 1674 que
454 1597 596 1656 haec
647 1599 844 1657 omnia
895 1599 1073 1657 salvis
1114 1600 1318 1676 populi
1424 1602 1619 1659 omani
1664 1602 1833 1661 sociis
1877 1609 2056 1679 atque

285 1692 532 1770 inffigris
558 1695 939 1771 vectigalibus
958 1685 1081 1753 esse
1106 1703 1285 1772 gesta.
1371 1698 1527 1756 Satis
1548 1699 1755 1776 opinor
1773 1699 1915 1757 haec
1931 1719 2055 1758 esse

214 1844 223 1852 .
285 1791 493 1862 laudis,
535 1797 714 1867 atque
752 1793 854 1867 ita,
897 1776 1171 1864 Quirites,
1203 1799 1275 1851 ut
1312 1794 1421 1853 hoc
1459 1814 1565 1853 vos
1602 1796 1974 1873 intellegatiS,
2016 1816 2054 1855 a

285 1885 450 1945 nullo
484 1886 746 1963 istorum,
782 1888 883 1965 qui
921 1882 1058 1948 huic
1089 1890 1421 1949 obtrectant
1458 1891 1574 1967 legi
1612 1898 1791 1969 atque
1828 1913 2051 1967 causae,

285 1979 353 2043 L.
384 1983 697 2042 Lucullum
723 1985 993 2043 similiter
1019 2006 1093 2044 ex
1118 1987 1229 2044 hoc
1254 1988 1380 2046 loco
1406 2008 1530 2046 esse
1554 1989 1875 2048 laudatum.

400 2077 519 2136 IX.
603 2077 962 2154 Requiretur
1002 2079 1249 2139 fortasse
1278 2101 1451 2154 nunc,
1482 2101 1654 2158 quem
1693 2083 1770 2141 ad
1796 2084 2050 2157 modum,
2076 2089 2151 2148 22

282 2189 416 2229 cum
441 2171 584 2230 haec
606 2172 695 2230 ita
711 2173 847 2249 sint,
872 2175 1162 2252 reliquum
1181 2177 1367 2253 possit
1383 2196 1662 2253 magnum
1677 2198 1801 2237 esse
1814 2179 2049 2240 bellum.

283 2266 641 2344 cognoscite,
679 2270 973 2344 Quirites3
1013 2291 1134 2330 non
1165 2273 1324 2331 enim
1362 2273 1473 2331 hoc
1498 2274 1625 2331 sine
1651 2293 1826 2332 causa
1852 2275 2054 2352 quaeri

282 2364 532 2423 videtur.
616 2364 884 2423 Primum
922 2386 997 2423 ex
1031 2386 1138 2425 suo
1172 2387 1354 2443 regno
1384 2369 1469 2425 sic
1506 2369 1889 2427 Mithridates
1926 2389 2054 2447 pro-

280 2455 452 2533 fugit,
481 2463 553 2515 ut
577 2478 654 2516 ex
678 2460 881 2518 eodem
908 2460 1101 2519 Ponto
1130 2462 1345 2519 Medea
1379 2461 1484 2518 illa
1523 2463 1818 2538 quondam
1856 2464 2053 2539 profu-

278 2553 430 2628 gisse
482 2554 713 2630 dicitur,
770 2577 947 2634 quam
997 2559 1338 2634 praedicant
1389 2560 1456 2617 in
1508 2559 1651 2636 fuga
1703 2561 1906 2620 fratris
1957 2561 2051 2618 sui

278 2652 539 2708 membra
570 2653 635 2710 in
673 2653 748 2711 iis
781 2654 937 2730 locis,
973 2675 1088 2732 qua
1123 2675 1184 2714 se
1212 2675 1423 2732 parens
1447 2664 1905 2734 persequeretur,
1939 2657 2050 2715 dis-

272 2747 571 2824 sipavisse,
600 2754 672 2806 ut
690 2769 892 2807 eorum
907 2751 1167 2809 collectio
1187 2751 1448 2827 dispersa
1465 2770 1806 2827 maerorque
1823 2751 2050 2827 patrius

278 2843 636 2903 celeritatem
675 2848 1061 2925 persequendi
1103 2849 1447 2908 retardaret.
1532 2849 1628 2907 Sic
1669 2847 2049 2906 Mithridates
2063 2873 2134 2966 ἰ(
2147 2898 2191 2948 x
2213 2859 2292 2946 sd

277 2940 509 3017 fugiens
534 2944 852 3001 maximam
879 2945 1001 3001 vim
1027 2945 1158 3002 auri
1184 2951 1363 3021 atque
1379 2945 1611 3022 argenti
1634 2944 2047 3021 pulcherrima-

276 3055 521 3113 rumque
548 3059 745 3097 rerum
772 3041 1050 3114 omnium,
1085 3061 1232 3118 quas
1257 3048 1318 3100 et
1344 3063 1381 3100 a
1406 3043 1724 3100 maioribus
1748 3048 2048 3117 acceperat

275 3138 339 3191 et
363 3134 487 3211 ipse
512 3136 666 3195 bello
692 3138 990 3214 superiore
1026 3158 1101 3195 ex
1136 3146 1266 3198 tota
1296 3140 1448 3197 Asia
1481 3140 1740 3214 direptas
1773 3138 1840 3196 in
1874 3158 2047 3197 suum

275 3249 520 3308 regnum
546 3244 925 3312 congesserat,
958 3237 1025 3295 in
1050 3238 1245 3297 Ponto
1284 3258 1516 3296 omnem
1540 3237 1795 3314 reliquit.
1877 3237 2046 3297 Hoec

258 3329 419 3388 ‘dum
470 3333 661 3390 nostri
712 3334 995 3412 colligunt
1040 3336 1238 3393 omnia
1278 3334 1632 3412 diligentius,
1686 3352 1794 3392 rex
1844 3333 1970 3411 ipoe
2010 3353 2045 3393 e

371 3459 529 3554 ‘Ul-x
587 3473 939 3604 &fimf-e}
1012 3479 1059 3614 ⁶}
1152 3441 1426 3576 ζει-τ...
1471 3473 1586 3572 (iss
1643 3557 1676 3580 .,
1793 3495 1976 3564 ⁸⁸23!
