2382 3787
593 198 711 259 DE
759 197 1129 258 IMPERIO
1185 195 1312 257 GN.
1368 193 1706 257 POMPEI.
1953 158 1958 162 ⁴
1999 193 2036 255 τ

262 357 407 418 anni
459 355 689 440 fructus
740 373 860 413 uno
913 372 1145 411 rumore
1197 353 1442 430 periculi
1494 358 1674 427 atque
1725 369 1845 408 uno
1894 350 2036 407 beni

260 457 485 510 terrore
510 450 822 507 amittitur.
886 447 1018 517 Quo
1044 448 1285 506 tandem
1310 448 1508 505 animo
1534 466 1659 504 esse
1684 445 2037 503 existimatis
2067 441 2138 499 16

260 552 369 605 aut
407 564 522 620 eos,
569 545 672 622 qui
717 543 1026 619 vectigalia
1065 543 1236 601 nobis
1276 542 1592 618 pensitant,
1633 546 1741 598 aut
1779 559 1893 612 ece,
1936 539 2038 616 qui

262 649 539 702 exercent
573 648 752 718 atque
788 641 1050 715 exigunt,
1079 659 1214 696 cum
1250 639 1368 696 duo
1399 657 1564 714 reges
1598 656 1731 694 cum
1765 636 2039 693 maximis

261 737 445 814 copiis
483 743 724 819 propter
762 735 996 806 adsint'l
1031 807 1036 812 .
1076 754 1210 792 cum
1249 753 1371 791 una
1423 734 1687 791 excursio
1740 733 2039 809 equitatus

260 833 533 911 perbrevi
571 838 834 906 tempore
870 830 1057 889 totius
1095 830 1239 887 anni
1278 830 1527 907 vectigal
1562 830 1794 887 auferre
1818 829 2040 905 possit?

261 949 399 988 cum
450 928 749 1006 publicani
799 927 1055 984 familias
1117 926 1420 997 maximas,
1477 945 1624 1003 quas
1673 927 1740 983 in
1791 926 2039 983 saltibus

259 1024 499 1095 habent,
523 1044 668 1101 quas
693 1025 759 1081 in
783 1025 954 1100 agris,
979 1043 1125 1100 quas
1150 1024 1216 1080 in
1242 1024 1529 1099 portubus
1546 1030 1725 1100 atque
1740 1025 2035 1097 custodiis,

261 1140 478 1198 magno
504 1121 761 1197 periculo
786 1104 848 1178 se
874 1120 1091 1179 habere
1116 1121 1517 1178 arbitrenturss
1596 1121 1908 1179 Putatisne
1933 1139 2040 1179 vos

259 1219 382 1278 illis
408 1219 583 1277 rebus
610 1218 732 1275 frui
766 1217 948 1294 posse,
977 1218 1095 1275 nisi
1135 1237 1249 1291 eos,
1281 1217 1384 1294 qui
1416 1217 1583 1274 vobis
1619 1217 1841 1274 fructui
1878 1221 2035 1289 sunt,

261 1315 690 1385 conservaritis,
718 1333 841 1371 non
879 1312 1084 1384 solum,
1113 1319 1184 1371 ut
1219 1320 1359 1370 ante
1386 1313 1528 1385 dixi,
1558 1314 1907 1386 calamitate,
1935 1314 2038 1373 sed

261 1411 446 1470 etiam
471 1409 823 1468 calamitatis
847 1409 1160 1466 formidine
1185 1409 1499 1467 liberatosss

384 1507 534 1566 VII.
616 1508 712 1564 Ac
735 1526 812 1564 ne
846 1506 996 1564 illud
1023 1505 1260 1582 quidem
1287 1507 1454 1564 vobis
1478 1506 1902 1584 neglegendum
1928 1513 2033 1579 est,
2063 1511 2134 1568 1⁷

258 1601 421 1678 quod
455 1601 602 1659 mihi
636 1620 744 1678 ego
780 1607 1108 1659 extremum
1133 1619 1564 1677 proposueram,
1593 1621 1727 1660 cum
1754 1621 1937 1660 essem
1963 1601 2037 1661 de

257 1697 405 1757 belli
428 1717 639 1775 genere
663 1698 944 1769 dicturus,
975 1697 1131 1774 quod
1166 1697 1244 1756 ad
1278 1698 1599 1757 multorum
1629 1699 1786 1780 Qua
1819 1699 2036 1757 civium

259 1793 666 1855 Romanorum
701 1793 959 1869 pertinet
982 1813 998 1851 ε
1041 1813 1155 1870 quo
1329 1774 1641 1880 vobis<pro
1667 1802 1864 1854 vestra
1889 1796 2037 1873 sapi-

260 1866 460 2003 entia)
470 1889 747 1962 Quirites,
775 1889 1044 1958 habenda
1067 1896 1161 1948 est
1200 1891 1353 1949 ratio
1424 1891 1436 1904 ⁸
1468 1891 1481 1905 ⁰
1524 1899 1705 1952 enter.
1788 1891 1948 1951 Nam
1975 1899 2037 1951 et

259 1990 574 2066 publicani,
596 1989 862 2047 homines
885 1988 1282 2066 hothism
1306 1995 1485 2066 atque
1510 1990 1884 2061 ornatissimi,
1900 2010 2036 2049 suas

259 2085 519 2143 rationes
563 2091 624 2142 et
664 2084 858 2160 copias
901 2085 967 2142 in
1018 2084 1183 2141 illam
1229 2084 1588 2160 provinciam
1641 2084 2032 2157 contulerunt,

259 2200 510 2258 quorum
524 2182 784 2258 ipsorum
804 2201 910 2257 per
935 2201 997 2239 se
1023 2200 1116 2238 res
1142 2186 1204 2239 et
1229 2181 1503 2239 fortunae
1522 2181 1688 2239 vobis
1713 2165 1885 2240 cuffie
1911 2202 2035 2241 esse
2092 2256 2102 2267 .

259 2277 511 2351 debent3
552 2279 769 2336 etenim
808 2278 861 2336 si
890 2270 1200 2354 vectigalia
1237 2296 1449 2362 nQvos
1487 2296 1611 2335 esse
1648 2278 1735 2335 rei
1769 2279 2036 2355 publicae

257 2394 487 2454 semper
512 2371 804 2450 duximus,
834 2397 968 2435 eum
1004 2384 1160 2436 certe
1196 2377 1475 2448 ordinem,
1507 2377 1610 2454 qui
1648 2384 1879 2455 ex—e-rcet
1912 2378 2032 2451 illa,

258 2472 693 2562 firm—&mentum
732 2478 1057 2532 ceterorum
1097 2472 1370 2530 ordinum
1408 2478 1566 2531 recte
1600 2492 1724 2531 eme
1757 2473 2030 2533 dicemus.

204 2627 211 2633 ,
258 2566 493 2628 Deinde
532 2589 608 2627 ex
647 2570 856 2628 ceteris
894 2569 1199 2627 ordinibus
1238 2568 1503 2626 homines
1541 2569 1720 2648 gnavi
1744 2576 1924 2647 atque
1947 2570 2034 2628 in-
2064 2564 2136 2623 18

257 2666 473 2726 dustrii
524 2666 741 2741 partim
780 2666 804 2723 i
845 2665 896 2723 si
948 2665 1014 2722 in
1051 2665 1203 2722 Asia
1240 2666 1634 2741 negotiantur,
1678 2669 1890 2744 quibus
1928 2688 2034 2727 vos

217 2828 221 2832 ,
256 2762 598 2821 absentibus
628 2835 631 2844 .
662 2782 728 2820 co
781 2834 788 2840 .
841 2762 961 2819 lere
1026 2761 1267 2833 debetis,
1323 2762 1541 2838 partim
1593 2782 1795 2822 eorum
1845 2765 1913 2821 in
1963 2783 2034 2823 ea

255 2857 558 2933 provincia
611 2853 888 2933 pecunias
928 2875 1172 2932 magnas
1218 2856 1527 2942 collocatas
1573 2855 1813 2916 habent.
1896 2858 2032 2917 Erit

253 2952 439 3029 igitur
475 2925 865 3009 humaffitatis
902 2957 1133 3010 vestrae
1166 2970 1446 3027 magnum
1484 2972 1795 3012 numerum
1830 2976 2031 3016 eorum

252 3048 473 3129 civium
500 3049 834 3108 calamitate
871 3048 1194 3125 prohibere,
1226 3049 1549 3125 sapientiae
1575 3052 1791 3140 videre,
1822 3057 2033 3115 multo-

253 3168 388 3207 rum
422 3150 640 3207 civium
681 3145 1074 3207 calamitatem
1112 3169 1150 3207 a
1187 3169 1253 3207 re
1283 3150 1516 3226 publica
1546 3149 1868 3228 seiunctam
1907 3170 2032 3209 esse

250 3264 375 3303 non
419 3264 600 3322 posse.
685 3247 927 3304 Etenim
972 3247 1229 3322 primum
1270 3247 1421 3305 illud
1465 3247 1635 3323 parvi
1676 3246 1873 3320 refert,
1922 3267 2031 3305 nos

255 3340 618 3419 †publicanis
631 3343 1172 3420 amissisvectigalia
1186 3349 1390 3420 postea
1404 3342 1651 3401 victoria
1663 3361 2004 3418 recuperare
2011 3361 2030 3414 ;
