2382 3787
313 229 388 287 22
636 226 759 284 DE
803 225 1171 286 IMPERIO
1228 225 1357 286 GN.
1416 224 1757 286 POMPEI.

313 380 638 453 videbatur,
706 399 840 437 cum
904 378 1107 455 populi
1172 378 1430 436 Romani
1494 377 1689 453 legati,
1746 381 2084 452 quaestores

313 479 723 550 praetoresque
749 473 1170 549 capiebantur?
1208 493 1342 531 cum
1367 492 1443 531 ex
1468 473 1740 531 omnibus
1764 472 2082 549 provinciis

311 576 636 629 commeatu
682 575 745 627 et
781 570 1013 645 privato
1052 575 1114 627 et
1151 569 1383 645 publico
1422 569 1910 647 prohibebamur?
1946 589 2081 627 cum

312 668 400 725 ita
423 666 620 724 clausa
642 667 813 724 nobis
837 671 1008 724 erant
1031 667 1220 723 maria
1244 666 1455 738 omnia,
1478 672 1549 723 ut
1573 684 1763 741 neque
1787 665 2082 742 privatam

249 759 256 764 '
314 781 439 819 rem
455 761 907 819 transmarinam
925 779 1114 836 neque
1129 760 1459 836 publicam
1440 778 1560 824 iam
1578 760 1756 818 obire
1750 760 2082 836 possemus?

215 864 290 923 54
317 862 566 921 XVIII.
649 862 814 931 Quae
851 860 1061 919 civitas
1093 866 1271 918 antea
1304 878 1582 936 umquam
1608 859 1928 917 fuit—non
1952 859 2080 917 dico

315 956 785 1025 Atheniensium,
815 973 965 1031 quae
992 955 1135 1013 satis
1161 955 1282 1012 late
1316 954 1612 1030 quondam
1636 973 1798 1012 mare
1822 953 2081 1011 tenuisse

315 1052 548 1123 dicitur,
575 1070 697 1109 non
733 1049 1336 1125 Karthaginiensium,
1366 1047 1470 1126 qui
1508 1048 1866 1124 permultum
1900 1047 2082 1105 classe

315 1169 384 1208 ac
408 1149 719 1207 maritimis
734 1149 908 1206 rebus
933 1148 1263 1218 valuerunt,
1281 1166 1403 1205 non
1431 1146 1812 1219 Rhodiorum,
1831 1165 2082 1222 quorum

317 1264 502 1322 usque
526 1245 601 1302 ad
626 1250 887 1302 nostram
906 1244 1245 1302 memoriam
1260 1243 1566 1318 disciplina
1580 1242 1807 1301 navalis
1822 1248 1884 1300 et
1896 1242 2083 1317 gloria

317 1341 844 1416 remansit,—quae
877 1336 1132 1419 [civitas]
1168 1357 1447 1414 umquam
1490 1343 1668 1395 antea
1704 1344 1829 1396 tam
1865 1338 2080 1409 tenuis,

317 1444 442 1496 tam
476 1456 658 1513 parva
686 1436 880 1493 insula
917 1434 1052 1506 fuit,
1083 1454 1232 1511 quae
1266 1454 1389 1493 non
1421 1440 1627 1510 portus
1657 1453 1793 1493 suos
1827 1440 1889 1492 et
1913 1454 2083 1511 agros

318 1539 380 1590 et
403 1533 659 1608 aliquam
684 1537 912 1607 partem
946 1531 1200 1607 regionis
1234 1537 1412 1608 atque
1443 1550 1578 1589 orae
1611 1532 1940 1589 maritimae
1976 1551 2083 1608 per

318 1648 382 1687 se
431 1630 559 1704 ipsa
599 1627 974 1686 defenderet?
1051 1628 1143 1685 At
1186 1626 1421 1686 hercule
1461 1627 1687 1702 aliquot
1728 1646 1914 1685 annos
1953 1646 2082 1686 con-

321 1721 516 1779 tinuos
559 1727 699 1779 ante
740 1720 925 1795 legem
973 1719 1286 1778 Gabiniam
1331 1721 1432 1779 ille
1461 1720 1714 1797 populus
1759 1721 2079 1794 Romanus,

318 1817 484 1874 cuius
509 1835 693 1893 usque
718 1816 794 1874 ad
820 1823 1081 1875 nostram
1106 1817 1443 1875 memoriam
1468 1836 1683 1876 nomen
1707 1818 1994 1877 invictum
2017 1820 2084 1876 in

319 1914 626 1971 navalibus
652 1913 863 1988 pugnis
882 1913 1279 1988 permanserit,
1303 1932 1515 1989 magna
1539 1933 1608 1971 ac
1622 1914 1809 1972 multo
1827 1915 2084 1973 maxima

319 2014 488 2085 parte
510 2027 633 2066 non
657 2008 829 2066 modo
855 2007 1149 2080 utilitatis,
1178 2008 1282 2065 sed
1312 2008 1618 2084 dignitatis
1651 2015 1829 2085 atque
1853 2010 2085 2086 imperii

218 2100 293 2158 55
320 2103 524 2181 caruit.
605 2103 751 2174 Nos,
768 2122 1017 2180 quorum
1035 2104 1283 2161 maiores
1296 2104 1661 2164 Antiochum
1685 2122 1880 2181 regem
1906 2105 2086 2163 classe

319 2199 671 2275 Persemque
709 2205 1062 2276 superarunt
1101 2200 1485 2277 omnibusque
1525 2202 1833 2259 navalibus
1874 2202 2087 2278 pugnis

322 2295 864 2371 Karthaginienses,
892 2295 1158 2354 homines
1182 2297 1250 2353 in
1274 2298 1586 2355 maritimis
1612 2299 1785 2357 rebus
1810 2299 2087 2357 exercita·

319 2392 578 2451 tissimos
601 2393 1124 2470 paratissimosque,
1154 2393 1438 2465 vicerunt,
1466 2394 1513 2452 ii
1538 2395 1703 2453 nullo
1727 2395 1793 2452 in
1818 2395 1945 2454 loco
1969 2396 2088 2454 iam

321 2490 710 2567 praedonibus
733 2509 903 2567 pares
928 2508 1052 2549 esse
1076 2496 1448 2566 poteramus:
1487 2511 1610 2562 nos,
1640 2491 1743 2567 qui
1768 2497 1946 2551 antea
1969 2513 2089 2551 non

322 2583 496 2641 modo
529 2583 769 2641 Italiam
798 2589 991 2641 tutam
1029 2584 1400 2656 habebamus,
1429 2585 1532 2643 sed
1569 2606 1771 2645 omnes
1808 2587 1991 2645 socios
2023 2587 2088 2646 in
2145 2600 2150 2606 ·

322 2679 548 2736 ultimis
573 2679 691 2736 oris
714 2680 1063 2737 auctoritate
1087 2680 1278 2738 nostri
1303 2680 1535 2757 imperii
1568 2682 1759 2740 salvos
1795 2688 2090 2758 praestare

324 2782 673 2852 poteramus,
702 2781 848 2847 tum,
878 2795 1011 2834 cum
1036 2777 1233 2835 insula
1259 2776 1454 2848 Delos,
1482 2785 1607 2835 tam
1634 2779 1834 2854 procul
1859 2798 1897 2836 a
1920 2781 2090 2840 nobis

323 2876 392 2933 in
440 2876 679 2951 Aegaeo
730 2873 880 2931 mari
932 2873 1140 2949 posita,
1198 2893 1315 2949 quo
1368 2894 1569 2933 omnes
1632 2875 1892 2951 undique
1957 2895 2088 2933 cum

325 2973 612 3031 mercibus
638 2978 816 3049 atque
840 2972 1116 3029 oneribus
1154 2972 1573 3044 commeabant,
1603 2972 1822 3030 referta
1846 2972 2087 3044 divitiis,

326 3089 524 3146 parva,
551 3072 678 3129 sine
701 3088 887 3141 muro,
913 3068 1065 3126 nihil
1089 3068 1353 3140 timebat,
1382 3069 1571 3127 eidem
1604 3088 1727 3127 non
1759 3070 1933 3128 modo
1966 3089 2092 3146 pro-
2206 3083 2212 3094 ·

327 3168 536 3226 vinciis
549 3173 728 3243 atque
752 3167 871 3225 oris
885 3166 1099 3225 Italiae
1123 3166 1437 3224 maritimis
1451 3185 1520 3224 ac
1544 3167 1832 3243 portubus
1857 3166 2090 3237 nostris,

326 3264 430 3322 sed
449 3264 628 3322 etiam
645 3263 882 3339 Appia
863 3282 984 3321 iam
998 3262 1097 3321 via
1111 3262 1464 3321 carebamus.
1545 3261 1665 3321 Et'
1645 3263 1722 3321 iis
1735 3261 2094 3339 temporibus

328 3377 450 3417 non
475 3357 734 3433 pudebat
745 3357 1123 3433 magistratus
1139 3356 1346 3434 populi
1365 3357 1662 3418 Romani
1643 3376 1711 3416 m
1723 3356 1922 3417 hunc
1903 3372 2093 3433 ipsum
