2382 3787
625 233 748 291 DE
797 234 1163 295 IMPERIO
1220 233 1348 295 CN.
1405 236 1744 297 POMPEI.
1997 240 2069 299 15

293 408 358 446 se
397 388 463 445 in
500 386 741 444 Italiam
780 386 1106 461 recepisset,
1150 387 1378 445 duabus
1417 387 1730 464 Hispaniis
1773 394 1835 446 et
1877 388 2071 447 Gallia

292 483 658 559 transalpina
708 482 1014 558 praesidiis
1065 501 1133 539 ac
1178 483 1431 542 navibus
1471 484 1826 557 confirmata,
1876 485 2070 543 missis

290 581 436 639 item
461 581 528 638 in
553 600 717 639 oram
744 581 971 656 Illyrici
995 581 1174 638 maris
1201 587 1263 639 et
1293 581 1359 638 in
1393 582 1685 639 Achaiam
1720 602 2068 659 omnemque
2168 616 2174 623 ·

292 677 596 736 Graeciam
621 678 874 735 navibus
899 677 1112 736 Italiae
1140 678 1259 736 duo
1278 678 1465 735 maria
1489 679 1764 737 maximis
1787 680 2067 738 classibus

288 774 751 850 firmissimisque
803 774 1109 849 praesidiis
1162 774 1491 847 adornavit,
1547 775 1673 851 ipse
1724 782 1939 849 autem,
1995 784 2067 834 ut

289 870 607 929 Brundisio
632 871 930 948 profectus
956 878 1060 944 est,
1090 871 1728 948 undequinquagesimo
1755 873 1851 932 die
1875 879 2068 935 totam

286 965 408 1023 ad
389 967 701 1042 imperium
726 965 930 1041 populi
947 965 1204 1023 Romani
1220 966 1485 1023 Ciliciam
1500 966 1802 1026 adiunxit:
1843 986 2060 1055 omnes,

284 1063 391 1139 qui
415 1064 632 1139 ubique
668 1062 989 1138 praedones
1015 1061 1274 1133 fuerunt,
1303 1061 1521 1137 partim
1551 1063 1709 1139 capti
1745 1062 2062 1121 interfecti-

285 1178 399 1235 que
438 1164 594 1231 sunt,
637 1159 855 1236 partim
886 1158 1064 1215 unius
1098 1157 1277 1215 huius
1307 1176 1369 1216 se
1398 1158 1643 1233 imperio
1678 1177 1747 1216 ac
1780 1160 2061 1235 potestati

285 1256 649 1315 dediderunt.
737 1256 908 1314 Idem
937 1254 1330 1325 Cretensibus,
1361 1273 1495 1311 cum
1519 1254 1597 1312 ad
1622 1274 1757 1311 eum
1783 1274 1969 1331 usque
1993 1256 2059 1313 in

283 1351 692 1428 Pamphyliam
730 1351 953 1427 legatos
992 1350 1509 1426 deprecatoresque
1545 1351 1855 1425 misissent,
1894 1373 2057 1429 spem

281 1450 596 1509 deditionis
620 1468 742 1507 non
767 1448 988 1506 ademit
1014 1447 1357 1524 obsidesque
1390 1447 1717 1523 imperavit.
1802 1448 1904 1507 Ita
1926 1457 2055 1508 tan-

279 1554 411 1604 tum
448 1546 683 1617 bellum,
720 1552 845 1603 tam
885 1545 1249 1616 diuturnum,
1290 1549 1416 1602 tam
1461 1545 1632 1621 longe
1670 1546 1905 1622 lateque
1944 1548 2055 1606 dis-

279 1662 530 1719 persum,
553 1662 669 1720 quo
694 1642 849 1700 bello
875 1660 1075 1699 omnes
1100 1647 1305 1716 gentes
1330 1658 1400 1699 ac
1424 1643 1693 1700 nationes
1718 1645 2053 1719 premeban-

277 1746 395 1810 tur,
429 1738 534 1796 On.
572 1737 886 1813 Pompeius
919 1742 1183 1795 extrema
1223 1736 1416 1796 hieme
1444 1737 1771 1814 adparavit,
1808 1739 2054 1841 ineunte

278 1850 414 1892 vere
441 1833 708 1911 suscepit,
737 1832 931 1890 media
956 1838 1179 1890 aestate
1206 1832 1473 1893 confecit.

394 1931 585 1990 XIII.
670 1930 781 1988 Est
818 1930 962 1987 haec
1000 1929 1206 1988 divina
1243 1937 1422 2006 atque
1460 1931 1819 1991 incredibilis
1857 1934 2051 1993 virtus
2079 1941 2151 1999 36

275 2028 685 2105 imperatoris:
747 2027 930 2104 quid?
985 2034 1229 2100 ceterae,
1285 2046 1431 2105 quas
1481 2030 1658 2105 paulo
1708 2036 1850 2087 ante
1901 2050 2050 2088 com-

274 2142 595 2181 memorare
620 2141 936 2198 coeperam,
956 2128 1212 2199 quantae
1237 2129 1415 2199 atque
1431 2141 1607 2200 quam
1632 2124 1854 2181 multae
1880 2130 2048 2187 sunt!

274 2219 416 2277 Non
440 2219 600 2277 enim
624 2218 884 2276 bellandi
910 2219 1102 2276 virtus
1127 2217 1318 2275 solum
1343 2218 1410 2275 in
1442 2237 1671 2275 summo
1696 2238 1764 2276 ac
1789 2220 2049 2295 perfecto

271 2316 623 2393 imperatore
676 2315 1009 2392 quaerenda
1069 2321 1174 2387 est,
1231 2314 1334 2372 sed
1398 2315 1620 2372 multae
1686 2321 1827 2372 sunt
1891 2324 2050 2376 artes

270 2411 520 2467 eximiae
571 2409 748 2468 huius
797 2408 1178 2466 administrae
1219 2409 1573 2486 comitesque
1614 2410 1870 2469 virtutis.
1953 2414 2049 2470 Ac

269 2505 526 2581 primum
567 2510 790 2582 quanta
833 2504 1171 2562 innocentia
1218 2503 1435 2563 debent
1474 2524 1597 2563 esse
1632 2506 2045 2582 imperatores!

268 2608 493 2677 quanta
520 2602 729 2660 deinde
753 2602 820 2659 in
844 2601 1116 2659 omnibus
1150 2602 1326 2658 rebus
1359 2602 1782 2677 temperantia!
1823 2610 2046 2679 quanta

267 2695 399 2768 fide,
429 2703 652 2773 quanta
677 2696 979 2767 facilitate,
1010 2701 1233 2772 quanto
1258 2695 1512 2770 ingenio,
1533 2702 1754 2772 quanta
1779 2696 2044 2754 humani-

267 2795 420 2851 tate!
462 2812 611 2870 quae
647 2793 909 2850 breviter
946 2793 1143 2869 qualia
1181 2794 1304 2849 sint
1341 2793 1408 2850 in
1447 2793 1552 2851 On.
1595 2793 1873 2870 Pompeio
1912 2814 2042 2853 con-

266 2888 611 2961 sideremus3
649 2907 880 2945 summa
910 2888 1067 2946 enim
1102 2887 1301 2945 omnia
1340 2893 1497 2959 sunt,
1529 2888 1804 2958 Quirites,
1834 2887 1936 2946 sed
1971 2908 2041 2947 ea

265 2983 452 3059 magis
503 3001 579 3039 ex
630 2982 881 3040 aliorum
932 2983 1309 3040 contentione
1363 3002 1540 3059 quam
1592 2983 1721 3058 ipsa
1764 3001 1871 3058 per
1914 3003 2040 3043 sese

263 3078 532 3153 cognosci
555 3083 735 3155 atque
758 3077 1023 3153 intellegi
1049 3084 1312 3153 possunt.
1396 3078 1586 3147 Quem
1611 3077 1771 3135 enim
1795 3077 2038 3154 impera-
2061 3091 2136 3151 37

262 3183 455 3234 torem
505 3193 813 3252 possumus
863 3175 987 3234 ullo
1051 3175 1119 3232 in
1168 3193 1416 3232 numero
1474 3180 1700 3250 putare,
1756 3174 1923 3233 cuius
1970 3163 2039 3234 in

261 3271 525 3329 exercitu
568 3271 932 3329 centuriatus
972 3277 1230 3330 veneant
1280 3277 1459 3347 atque
1511 3270 1841 3329 venierint‘t
1894 3273 2038 3348 quid

260 3367 421 3426 huuc
471 3367 770 3426 hominem
809 3387 1089 3445 magnum
1126 3374 1238 3427 aut
1276 3366 1538 3444 amplum
1584 3367 1657 3425 de
1698 3385 1764 3425 re
1803 3367 2038 3445 publica
