2382 3787
609 209 730 268 DE
779 211 1146 270 IMPERIO
1204 210 1334 270 GN.
1392 178 1735 269 POMPEL
1987 210 2065 269 25

291 358 601 435 Iugurtha,
654 360 813 417 idem
865 379 998 416 cum
1052 358 1322 429 Cimbris,
1377 357 1536 415 idem
1600 376 1733 414 cum
1785 356 2065 416 Teutonis

290 457 512 515 bellum
549 457 1026 515 administraret:
1080 456 1147 513 in
1184 457 1314 532 ipso
1354 455 1461 515 On.
1505 454 1800 530 Pompeio,
1842 455 1909 511 in
1947 474 2064 530 quo

290 553 433 611 novi
458 554 739 611 constitui
767 553 919 610 nihil
945 553 1078 610 vult
1105 553 1172 622 Q.
1207 552 1469 624 Catulus,
1500 571 1677 628 quam
1716 552 1905 610 multa
1942 553 2064 610 sint

290 666 447 704 nova
499 667 726 705 summa
779 648 847 717 Q.
906 647 1105 706 Catuli
1157 648 1464 706 voluntate
1510 648 1832 706 constituta
1883 668 2064 707 recor-

291 746 530 804 damini.

409 841 593 900 XXI.
678 843 836 912 Quid
888 849 1014 902 tam
1059 862 1282 901 novum
1333 861 1509 918 quam
1562 843 2063 901 adulescentulum
2088 842 2160 899 61

290 937 590 1012 privatum
618 939 938 996 exercitum
965 939 1186 996 difficili
1213 939 1300 997 rei
1337 939 1606 1014 publicae
1641 944 1904 1014 tempore
1934 958 2064 998 con·

290 1031 491 1090 ficere‘l
529 1033 803 1105 confecit3
843 1033 982 1091 huic
1011 1035 1312 1109 praeesse?
1362 1033 1620 1109 praefuit
1629 1054 1646 1105 3
1686 1053 1811 1091 rem
1845 1034 2065 1110 optime
2179 1086 2182 1089 .

291 1128 474 1187 ductu
513 1148 620 1187 suo
650 1130 884 1204 gerere?
921 1130 1114 1204 gessit.
1201 1123 1360 1199 Quid
1397 1136 1522 1186 tam
1556 1135 1793 1204 praeter
1830 1149 2065 1187 consue-

290 1225 561 1282 tudinem
613 1242 790 1301 quam
841 1226 1066 1284 homini
1104 1220 1583 1302 peradulescenti,
1626 1226 1792 1284 cuius
1828 1232 1991 1285 aetas
2028 1247 2065 1285 a

291 1320 585 1378 senatorio
624 1320 810 1396 gradu
849 1321 1021 1396 longe
1060 1321 1302 1392 abesset,
1340 1321 1651 1397 imperium
1690 1327 1869 1397 atque
1907 1338 2065 1379 exer-

292 1415 476 1473 citum
503 1416 648 1487 dari,
668 1416 926 1474 Siciliam
952 1416 1218 1492 permitti
1243 1421 1421 1492 atque
1439 1416 1708 1474 Africam
1732 1416 2066 1492 bellumque

293 1511 360 1568 in
411 1530 482 1569 ea
521 1513 824 1588 provincia
864 1512 1433 1569 administrandum?
1512 1511 1656 1568 Fuit
1696 1511 1763 1567 in
1802 1510 1897 1567 his
1937 1522 2066 1586 pro-

294 1607 503 1664 vinciis
528 1609 811 1683 singulari
835 1608 1188 1679 innocentia,
1208 1608 1515 1683 gravitate,
1544 1607 1803 1679 virtute3
1841 1605 2065 1664 bellum

293 1704 361 1760 in
395 1702 606 1761 Africa
642 1704 967 1762 maximum
1007 1704 1273 1776 confecit,
1302 1704 1583 1762 victorem
1621 1703 1942 1761 exercitum
1973 1703 2065 1761 de·

297 1799 571 1873 portavit.
656 1799 815 1869 Quid
857 1820 997 1857 vero
1042 1805 1167 1857 tam
1208 1799 1545 1857 inauditum
1587 1819 1763 1876 quam
1808 1798 2065 1875 equitem

295 1896 630 1954 Romanum
663 1897 1070 1973 triumphare'l
1121 1902 1185 1953 at
1218 1916 1345 1954 eam
1381 1916 1613 1973 quoquc
1652 1916 1778 1955 rem
1814 1896 2065 1972 populus

295 1990 600 2050 Romanus
637 2012 759 2051 non
797 1993 969 2051 modo
1009 1994 1177 2065 vidit,
1208 1993 1311 2051 sed
1349 1994 1613 2051 omnium
1651 1994 1831 2051 etiam
1869 1994 2066 2052 studio

294 2088 598 2147 visendam
662 2097 725 2148 et
789 2086 1303 2150 concelebrandam
1368 2092 1618 2168 putavit.
1718 2092 1878 2161 Quid
1940 2099 2065 2149 tam
2092 2092 2166 2152 62

170 2237 175 2244 .
294 2184 644 2242 inusitatum
684 2206 875 2262 quam,
904 2206 1037 2244 cum
1076 2187 1195 2244 duo
1235 2188 1498 2245 consules
1535 2187 1841 2244 clarissimi
1874 2186 2067 2246 fortis-

294 2282 544 2358 simique
563 2290 771 2354 essent,
793 2290 864 2341 ut
888 2303 1065 2359 eques
1084 2285 1388 2341 Romanus
1414 2285 1490 2341 ad
1505 2285 1725 2341 bellum
1745 2285 2065 2343 maximum

295 2377 1011 2454 formidolosissimumque
1037 2387 1144 2454 pro
1184 2379 1420 2437 consule
1446 2380 1818 2438 mitteretur‘l
1856 2382 2066 2440 missus

295 2480 401 2534 est.
486 2474 618 2544 Quo
671 2476 907 2552 quidem
950 2482 1212 2552 tempore
1258 2495 1392 2533 cum
1434 2482 1586 2534 esset
1625 2497 1747 2535 non
1788 2498 1960 2536 nemo
2000 2479 2067 2535 in

296 2576 505 2628 senatu
531 2572 634 2647 qui
661 2571 894 2642 diceret,
924 2591 1046 2629 non
1071 2578 1339 2647 oportere
1364 2572 1526 2629 mitti
1556 2572 1850 2630 hominem
1876 2574 2067 2649 priva-

296 2673 425 2723 tum
465 2686 571 2742 pro
606 2668 857 2739 consule,
888 2667 955 2725 L.
987 2668 1299 2743 Philippus
1333 2668 1551 2726 dixisse
1581 2669 1813 2740 dicitur,
1842 2689 1964 2727 non
2002 2689 2064 2727 se

293 2761 464 2819 illum
510 2781 618 2819 sua
658 2764 952 2820 sententia
992 2758 1098 2838 pro
1140 2763 1391 2835 consule,
1436 2764 1539 2822 sed
1579 2783 1685 2840 pro
1732 2764 2064 2822 consulibus

294 2857 545 2916 mittere.
629 2857 818 2915 Tanta
843 2858 908 2916 in
934 2878 1003 2917 eo
1037 2859 1125 2916 rei
1149 2859 1415 2935 publicae
1439 2861 1589 2918 bene
1622 2860 1907 2936 gerendae
1933 2879 2064 2935 spes

295 2953 775 3025 constituebatur,
831 2959 902 3011 ut
953 2954 1204 3012 duorum
1269 2956 1571 3013 consulum
1622 2974 1840 3012 munus
1888 2953 2065 3014 unius

294 3047 683 3105 adulescentis
714 3049 927 3106 virtuti
961 3050 1437 3109 committeretur.
1521 3049 1681 3119 Quid
1713 3056 1838 3107 tam
1873 3050 2065 3126 singu-

295 3141 433 3213 lare,
451 3161 628 3217 quam
655 3149 724 3200 ut
740 3162 815 3200 ex
829 3149 1066 3200 senatus
1092 3144 1357 3202 consulto
1375 3144 1600 3220 legibus
1618 3144 1845 3201 solutus
1863 3145 2064 3202 consul

295 3244 435 3295 ante
468 3239 652 3310 fieret,
681 3258 858 3314 quam
890 3239 1077 3297 unum
1111 3241 1295 3298 alium
1321 3241 1729 3316 magistratum
1763 3260 1868 3317 per
1906 3241 2062 3318 leges

295 3352 501 3412 capere
525 3336 784 3393 licuisset
806 3338 821 3391 ἶ
863 3335 1006 3411 quid
1025 3341 1149 3396 tam
1174 3336 1530 3409 incredibile,
1547 3355 1725 3412 quam
1750 3342 1821 3395 ut
1845 3338 2059 3395 iterum
