2382 3787
20 1562 223 1699 [μή

68 1839 203 1946 W*

334 212 369 269 2
650 209 772 268 DE
823 207 1190 269 IMPERIO
1247 206 1377 269 GN.
1431 205 1772 266 POMPEI.
1812 174 1816 179 ’

332 361 442 417 bus
455 358 814 417 *mandandis
839 378 962 417 esse
981 358 1266 434 voluistis,
1291 365 1353 418 et
1379 357 1456 416 ad
1481 358 1770 434 agendum
1795 345 2108 439 facul-tatis

331 461 582 529 tantum,
642 461 928 532 quantum
988 454 1215 513 homini
1265 455 1537 531 vigilanti
1587 473 1663 512 ex
1714 453 1932 512 forensi
1982 471 2095 511 usu

331 569 510 628 prope
535 551 829 608 cotidiana
854 550 1085 608 dicendi
1103 550 1444 609 exercitatio
1458 550 1656 626 potuit
1672 549 1917 622 adferre,
1940 555 2097 607 certe

330 652 392 704 et
431 645 483 703 si
521 646 664 721 quid
694 646 1060 704 auctoritatis
1093 645 1159 704 in
1196 665 1290 704 me
1329 652 1433 720 est,
1474 646 1634 723 apud
1672 665 1771 704 eos
1808 651 1959 719 utar,
1992 644 2096 722 qui

331 760 461 799 eam
501 741 648 800 mihi
692 743 996 817 dederunt,
1046 750 1109 801 et
1159 743 1213 801 si
1252 742 1402 819 quid
1428 743 1497 819 in
1534 742 1778 800 dicendo
1822 739 2092 818 consequi

332 858 581 915 possum,
624 840 699 897 iis
737 840 1039 898 ostendam
1078 841 1460 921 potissimum,
1505 838 1608 916 qui
1646 839 1702 896 ei
1741 857 1970 915 quoque
2009 837 2097 895 rei

278 940 313 998 3
334 936 594 994 fructum
619 956 725 994 suo
750 937 966 995 iudicio
991 924 1371 1015 tribuenduni
1395 955 1519 994 esse
1537 935 1851 993 duxerunt.
1891 934 2098 1010 Atque

332 1032 481 1089 illud
515 1033 581 1089 in
615 1033 820 1109 primis
850 1033 998 1089 mihi
1032 1032 1371 1090 laetandum
1408 1032 1536 1088 iure
1570 1050 1694 1088 esse
1720 1029 1904 1104 video,
1940 1028 2096 1105 quod

331 1126 397 1184 in
422 1128 532 1185 hac
557 1128 794 1186 insolita
818 1128 965 1186 mihi
990 1136 1066 1186 e'x
1100 1128 1210 1186 hoc
1243 1129 1368 1186 loco
1402 1127 1629 1185 ratione
1663 1126 1893 1184 dicendi
1923 1145 2097 1185 causa

331 1223 470 1281 talis
510 1224 707 1282 oblata
745 1230 850 1299 est,
892 1224 959 1281 in
998 1244 1115 1301 qua
1153 1224 1343 1283 oratio
1395 1225 1590 1282 deesse
1630 1224 1853 1281 nemini
1893 1223 2091 1299 possit.

333 1319 663 1378 Dicendum
689 1327 778 1378 est
793 1320 948 1377 enim
978 1320 1050 1378 de
1078 1321 1182 1379 On.
1203 1320 1447 1396 Pompei
1471 1320 1753 1395 singulari
1768 1319 2097 1396 eximiaque

334 1416 582 1475 virtute:
637 1416 815 1474 huius
852 1422 1052 1474 autem
1090 1417 1374 1475 orationis
1413 1417 1704 1474 difficilius
1741 1421 1831 1474 est
1869 1415 2094 1473 exitum

333 1530 511 1587 quam
548 1511 899 1587 principium
933 1511 1214 1571 invenire.
1296 1511 1398 1570 Ita
1435 1511 1582 1569 mihi
1617 1530 1738 1569 non
1769 1517 1894 1570 tam
1932 1510 2097 1586 copia

336 1627 511 1685 quam
535 1608 744 1666 modus
767 1608 833 1664 in
858 1608 1102 1666 dicendo
1129 1609 1493 1684 quaerendus
1517 1614 1621 1668 est.

226 1680 318 1761 '²‘ss
453 1703 540 1762 II.
621 1703 824 1779 Atque
857 1709 930 1760 ut
966 1702 1104 1761 inde
1128 1705 1319 1762 oratio
1343 1723 1474 1762 mea
1497 1705 1908 1780 proficiscatur,
1939 1702 2097 1763 unde

335 1798 477 1858 haec
503 1798 692 1856 omnis
711 1816 884 1855 causa
908 1797 1158 1873 ducitur,
1181 1799 1400 1857 bellum
1424 1818 1602 1875 grave
1626 1805 1687 1858 et
1712 1799 2096 1875 periculosum

335 1895 547 1952 vestris
585 1893 964 1969 vectigalibus
1001 1913 1070 1952 ac
1107 1893 1278 1953 sociis
1327 1915 1366 1953 a
1403 1896 1631 1955 duobus
1680 1896 2098 1972 potentissimis

335 1988 569 2064 regibus
594 1986 863 2062 infertur,
896 1987 1249 2047 Mithridate
1280 1995 1342 2048 et
1376 1989 1640 2066 Tigrane,
1675 1979 1923 2066 quorum
1947 1991 2099 2048 alter

336 2086 587 2160 relictus,
610 2086 761 2143 alter
779 2085 1079 2144 lacessitus
1094 2086 1449 2144 occasionem
1469 2087 1580 2144 sibi
1605 2087 1681 2145 ad
1707 2087 2097 2162 occupandam

336 2181 546 2239 Asiam
572 2181 829 2239 oblatam
853 2200 977 2238 esse
1000 2181 1383 2240 arbitrantur.
1465 2181 1782 2257 Equitibus
1796 2182 2093 2257 Romanis,

335 2277 757 2336 honestissimis
782 2278 940 2351 viris,
962 2276 1315 2336 adferuntur
1339 2295 1415 2334 ex
1432 2277 1582 2335 Asia
1608 2277 1818 2335 cotidie
1844 2278 2089 2353 litterae,

335 2393 585 2451 quorum
635 2393 880 2450 magnae
918 2393 1012 2432 res
1048 2381 1322 2450 aguntur,
1366 2374 1434 2431 in
1471 2374 1683 2431 vestris
1719 2375 2107 2449 vectigalibus*

335 2469 673 2527 exercendis
711 2475 1022 2546 occupatae
1030 2490 1048 2544 3
1105 2471 1209 2547 qui
1249 2469 1328 2527 ad
1372 2487 1465 2527 me
1509 2488 1616 2547 pro
1656 2470 2094 2543 necessitudine,

336 2585 486 2642 quae
537 2564 684 2622 mihi
734 2572 825 2624 est
863 2585 996 2624 cum
1033 2566 1136 2624 illo
1175 2566 1396 2641 ordine,
1440 2585 1674 2624 causam
1712 2567 1798 2625 rei
1836 2568 2099 2643 publicae

278 2659 312 2716 5
337 2659 706 2736 periculaque
725 2678 920 2717 rerum
939 2678 1177 2718 suarum
1191 2660 1558 2720 detulerunt:
1599 2661 1929 2737 Bithyniae,
1952 2679 2100 2736 quae

335 2775 495 2813 nunc
546 2760 743 2812 vestra
782 2755 1083 2830 provincia
1134 2761 1240 2830 est,
1290 2755 1447 2813 vicos
1499 2762 1736 2814 exustos
1786 2775 1908 2814 esse
1952 2775 2097 2813 com-

336 2848 561 2926 plures:
601 2869 847 2925 regnum
871 2850 1306 2924 Ariobarzanis,
1340 2851 1496 2927 quod
1522 2851 1838 2908 finitimum
1862 2854 1952 2907 est
1978 2869 2099 2909 ves-

335 2945 448 3004 tris
472 2945 867 3021 vectigalibus
901 2951 1096 3003 totum
1122 2964 1247 3004 esse
1281 2946 1348 3003 in
1381 2945 1637 3004 hostium
1672 2932 1959 3021 potestate
1970 2967 1987 3019 3
2028 2947 2095 3008 L.

347 3039 650 3098 Lucullum
684 3039 914 3115 magnis
943 3040 1117 3099 rebus
1152 3040 1333 3115 gestis
1369 3041 1445 3098 ab
1484 3059 1552 3098 eo
1590 3040 1743 3097 bello
1781 3039 2071 3099 discedere
2079 3060 2097 3113 3

335 3134 473 3193 huic
498 3136 601 3211 qui
625 3137 960 3194 successerit
983 3156 1105 3194 non
1129 3137 1274 3195 satis
1307 3156 1430 3195 esse
1455 3142 1726 3213 paratum
1750 3136 1829 3194 ad
1864 3143 2096 3196 tantum

336 3229 554 3288 bellum
592 3231 1146 3306 administrandum3
1186 3253 1372 3292 unum
1410 3234 1484 3290 ab
1524 3232 1794 3290 omnibus
1832 3233 2000 3293 sociis
2037 3241 2096 3293 et

335 3325 562 3386 civibus
599 3327 678 3385 ad
717 3328 780 3386 id
813 3329 1032 3388 bellum
1071 3329 1484 3407 imperatorem
1517 3330 1749 3407 deposci
1781 3337 1960 3410 atque
2004 3350 2095 3399 exf
