2382 3787
566 233 689 303 DE
736 235 1107 294 IMPERIO
1163 236 1287 297 CN.
1346 236 1689 296 POMPEI.
1939 239 2015 297 29

237 386 350 445 hoe
398 384 679 444 beneficio
732 386 935 463 populi
989 386 1245 444 Romani
1308 392 1489 464 atque
1552 386 1662 445 hae
1726 393 2017 463 potestate

162 469 169 475 ⁸
238 485 548 563 praetoria,
569 484 858 562 quidquid
876 485 1244 555 auctoritate,
1263 485 1394 555 fide,
1413 484 1743 543 constantia
1761 503 2012 560 possum,

237 582 304 641 id
354 601 527 640 omne
578 582 657 639 ad
708 581 861 639 hane
912 600 1036 639 rem
1078 582 1495 640 conficiendam
1538 582 1652 640 tibi
1694 588 1756 640 et
1800 582 2015 658 populo

240 678 509 736 Romano
544 677 820 754 polliceor
856 695 924 735 ac
954 677 1188 749 defero3
1228 684 1525 754 testorque
1564 697 1764 735 omnes
1790 678 1928 736 deos
1953 686 2014 736 et
2040 695 2114 752 ¹70

239 788 339 826 eos
377 769 647 840 maxime,
677 768 780 844 qui
818 767 957 825 huie
994 768 1120 825 loco
1158 768 1494 844 temploque
1531 768 1882 844 praesident,
1910 772 2014 846 qui

241 865 504 922 omnium
542 869 769 922 mentes
804 882 1021 936 eorum,
1051 862 1154 939 qui
1183 864 1263 922 ad
1296 884 1422 921 rem
1456 865 1750 940 publicam
1775 865 2011 937 adeunt,

240 959 496 1017 maxime
521 958 896 1035 perspiciunt,
915 977 1010 1015 me
1035 942 1144 1016 hoc
1163 978 1355 1034 neque
1380 966 1589 1034 rogatu
1607 958 1797 1017 faeere
1823 960 2013 1018 cuius·

240 1074 435 1132 quam,
464 1074 653 1131 neque
686 1074 801 1129 quo
835 1055 939 1113 On.
981 1054 1227 1129 Pompei
1260 1055 1513 1130 gratiam
1542 1055 1691 1112 mihi
1724 1074 1829 1131 per
1862 1057 2014 1115 hane

240 1169 474 1208 eausam
490 1150 787 1208 conciliari
812 1156 1030 1226 putem,
1049 1167 1242 1226 neque
1269 1170 1384 1225 quo
1410 1151 1557 1208 mihi
1578 1170 1652 1208 ex
1672 1152 2013 1229 cuiusquam

239 1247 629 1323 amplitudine
680 1252 788 1305 aut
839 1247 1129 1322 praesidia
1179 1247 1453 1324 perieulis
1517 1253 1624 1305 aut
1675 1248 2015 1308 adiumenta

241 1343 563 1401 honoribus
590 1362 882 1420 quaeram,
912 1349 1222 1419 propterea
1252 1343 1407 1418 quod
1433 1342 1691 1418 pericula
1729 1343 1914 1415 facile,
1945 1352 2015 1402 ut

140 1452 143 1455 ·
237 1438 536 1496 hominem
556 1443 852 1513 praestare
872 1443 1118 1513 oportet,
1137 1437 1474 1494 innocentia
1488 1437 1632 1494 tecti
1652 1436 2012 1512 repellemuS,

237 1534 517 1592 honorem
552 1540 750 1591 autem
787 1553 978 1610 neque
1014 1534 1090 1591 ab
1130 1552 1251 1591 uno
1290 1552 1481 1608 neque
1507 1552 1583 1590 ex
1606 1532 1716 1590 hoe
1742 1531 1883 1604 1000,
1913 1534 2013 1591 sed

238 1629 440 1687 eadem
466 1628 571 1686 illa
595 1635 799 1687 nostra
818 1628 1270 1687 laboriosissima
1297 1629 1525 1686 ratione
1553 1628 1725 1699 vitae,
1747 1629 1799 1685 si
1817 1635 2014 1685 vestra

236 1726 512 1784 voluntas
538 1724 704 1797 feret,
735 1744 1167 1802 consequemur.
1230 1724 1422 1794 Quam
1451 1725 1525 1783 ob
1552 1744 1692 1794 rem,
1721 1724 2010 1802 quidquid
2035 1743 2104 1799 ⁴71

235 1820 302 1879 in
327 1820 438 1878 hac
462 1840 636 1878 eausa
660 1820 807 1878 mihi
834 1827 1168 1897 susceptum
1196 1826 1300 1891 est,
1326 1820 1601 1890 Quirites,
1620 1820 1683 1879 id
1710 1840 1880 1879 omne
1907 1841 2012 1899 ego

235 1937 331 1976 me
362 1917 450 1975 rei
483 1918 751 1994 publicae
785 1937 959 1976 eausa
990 1918 1307 1994 suscepisse
1337 1919 1631 1990 confirm0‚
1662 1925 2012 1997 tant-umque

234 2017 402 2073 abest
426 2021 497 2072 ut
521 2016 780 2091 aliquam
795 2016 942 2073 mihi
966 2016 1181 2073 bonam
1208 2015 1460 2091 gratiam
1481 2016 1772 2091 quaesisse
1789 2017 2008 2088 videar,

232 2121 308 2171 ut
330 2114 550 2171 multas
576 2133 670 2172 me
697 2114 877 2171 etiam
893 2113 1224 2171 simultates
1240 2114 1458 2189 partim
1486 2112 1772 2185 obseuraS,
1793 2115 2010 2191 partim

233 2218 469 2286 apertas
506 2211 860 2287 intellegam,
909 2210 1056 2268 mihi
1102 2229 1225 2267 non
1265 2209 1632 2280 necessarias,
1682 2210 1848 2268 vobis
1888 2231 2009 2269 non

234 2307 476 2365 inutiles
503 2308 833 2383 suscepisse.
918 2305 1034 2364 Sed
1054 2325 1160 2381 ego
1175 2324 1270 2363 me
1285 2305 1394 2363 hoc
1409 2305 1629 2363 honore
1656 2305 2004 2380 praeditum,

231 2404 420 2462 tantis
472 2405 686 2462 vestris
738 2404 1034 2462 beneficiis
1099 2403 1399 2461 adfectum
1466 2402 1666 2473 statui,
1724 2402 2003 2472 Quirites,

231 2504 489 2557 vestram
553 2499 920 2557 voluntatem
973 2503 1034 2555 et
1086 2498 1174 2555 rei
1228 2496 1494 2573 publicae
1546 2497 1893 2572 dignitatem
1946 2505 2008 2555 et

229 2595 481 2653 salutem
519 2595 952 2670 provinciarum
997 2600 1175 2670 atque
1218 2593 1504 2651 sociorum
1550 2594 1696 2653 meis
1738 2594 2007 2652 omnibus

229 2692 547 2749 commodis
574 2696 635 2748 et
660 2691 990 2749 rationibus
1016 2689 1311 2766 praeferre
1337 2696 1617 2765 oportere.
