2382 3787
615 238 737 303 DE
785 237 1156 297 IMPERIO
1211 237 1335 297 GN.
1393 238 1740 302 POMPEI.
1987 247 2057 302 21

290 394 462 465 adsit,
485 398 557 450 ut
580 392 796 450 habeat
814 393 1150 463 exercitum,
1170 399 1242 450 ut
1267 393 1342 450 ab
1357 362 1431 450 iis
1452 396 1555 470 qui
1569 394 1790 453 habent
1806 397 2065 473 accipere

291 491 494 549 statim
521 490 719 565 possit,
750 489 894 565 quid
923 491 1353 564 exspectamus‘l
1391 497 1497 548 aut
1522 511 1628 548 eur
1659 511 1782 549 non
1821 492 2066 551 ducibus

180 608 187 616 ·
292 590 385 648 dis
406 588 838 647 immortalibus
864 586 1066 656 eidem,
1098 586 1193 642 0111
1226 591 1416 643 cetera
1453 606 1683 644 summa
1716 608 1849 645 011111
1876 590 2064 646 salute

294 687 380 744 rei
404 686 672 762 publicae
695 683 1001 741 commissa
1024 689 1182 755 sunt,
1201 681 1312 740 hoc
1338 702 1569 759 quoque
1595 685 1813 742 bellum
1840 687 2064 762 regium

293 779 757 857 committamus?

408 877 503 937 At
529 877 686 934 enim
706 877 802 933 vir
827 875 1195 946 olm-issimus,
1211 876 1649 935 amantissimus
1674 878 1761 935 rei
1780 879 2059 954 publicae,
2091 889 2160 945 51

293 973 506 1037 vestris
556 972 851 1033 beneficiis
901 971 1275 1047 amplissimis
1334 972 1616 1044 adfectuS,
1674 974 1741 1043 Q.
1801 976 2061 1047 Catulus,

293 1068 552 1145 itemque
576 1070 819 1127 summis
845 1069 1204 1126 ornamentis
1227 1070 1480 1139 honoris„
1498 1070 1787 1143 fortunae,
1806 1073 2061 1143 virtutis

293 1168 516 1242 ingenii
554 1166 868 1242 praeditus,
908 1166 976 1235 Q.
1013 1166 1387 1236 Hortensius,
1426 1168 1501 1222 ab
1540 1167 1650 1223 1180
1688 1168 1915 1224 ratione
1953 1167 2065 1225 dis-

293 1264 589 1333 sentiunt:
630 1283 882 1339 quorum
921 1281 1026 1338 ego
1066 1263 1478 1320 auctoritatem
1518 1263 1677 1338 apud
1715 1283 1821 1321 vos
1859 1264 2064 1322 multis
2108 1296 2117 1304 -

294 1359 437 1417 10010
473 1359 793 1434 plurimum
832 1358 1084 1416 valuisse
1125 1363 1184 1415 et
1227 1359 1422 1415 valere
1464 1365 1729 1433 oportere
1768 1360 2061 1431 eonfiteor,

294 1456 399 1517 sed
423 1456 489 1512 in
514 1454 624 1517 hac
649 1473 837 1525 eausa,
866 1454 1104 1513 tametsi
1139 1456 1492 1529 cognoscetis
1527 1457 1906 1513 auctoritates
1936 1474 2064 1513 oon-

294 1550 516 1608 trarias
539 1551 803 1608 virorum
828 1549 1278 1613 fortissimorum
1297 1557 1359 1607 et
1384 1551 1848 1623 clarissimorum,
1864 1558 2065 1609 tamen

294 1648 525 1706 omissis
549 1648 1000 1711 auctoritatibus
1024 1648 1153 1722 ipsa
1177 1667 1243 1707 re
1268 1667 1337 1704 ae
1357 1640 1584 1706 ratione
1611 1650 1915 1724 exquirere
1942 1668 2067 1724 pos-

297 1763 499 1803 sumus
537 1745 863 1815 veritatem,
901 1749 1079 1818 atque
1117 1744 1228 1801 1100
1266 1744 1510 1814 facilius„
1551 1745 1706 1819 quod
1745 1765 1814 1802 ea
1853 1746 2063 1817 omnia,

298 1860 449 1918 quae
472 1860 510 1899 a
534 1860 629 1905 me
653 1841 844 1899 adhuc
871 1840 1029 1906 dieta
1071 1846 1226 1912 sunt,
1258 1841 1447 1899 eidem
1481 1842 1583 1899 isti
1614 1862 1754 1901 vera
1785 1861 1909 1902 esse
1939 1863 2068 1902 eon-

294 1938 530 2009 oedunt,
561 1944 622 1995 et
655 1939 1045 2002 necessarium
1079 1938 1298 1995 bellum
1341 1958 1463 1996 esse
1497 1945 1557 1997 et
1587 1960 1864 2015 magnum
1904 1947 1965 1998 et
2003 1942 2067 1999 in

298 2053 419 2092 uno
448 2033 550 2098 On.
576 2034 855 2110 Pompeio
885 2052 1112 2098 summa
1140 2053 1262 2096 esse
1288 2036 1497 2092 omnia.
1584 2035 1741 2104 Quid
1766 2037 1951 2111 igitur
1980 2038 2066 2095 ait
2093 2044 2165 2102 52

300 2129 696 2189 Hortensius?
800 2131 865 2188 si
917 2131 1023 2188 uni
1076 2132 1274 2188 omnia
1323 2132 1637 2190 tribuenda
1689 2134 1824 2204 sint,
1880 2153 2065 2192 unum

294 2225 704 2301 dignissimum
754 2242 879 2282 esse
932 2225 1293 2300 Pompeium,
1349 2226 1450 2283 sed
1502 2227 1579 2285 ad
1629 2247 1815 2286 unum
1866 2234 2066 2287 tamen

296 2322 496 2379 omnia
522 2321 738 2384 deferri
761 2339 883 2386 non
908 2327 1190 2397 oportere.
1250 2322 1550 2381 Obsolevit
1576 2326 1693 2381 iam
1719 2326 1834 2383 ista
1860 2328 2063 2398 matie,

298 2439 364 2478 re
389 2421 578 2478 multo
603 2420 789 2495 magis
815 2438 991 2495 quam
1018 2421 1215 2482 verbis
1251 2420 1526 2479 refutata.
1610 2422 1771 2479 Nam
1794 2428 1865 2480 tu
1890 2424 2062 2494 idem,

299 2515 371 2584 Q.
402 2514 705 2584 Hortensi,
732 2513 923 2576 multa
948 2534 1054 2590 pro
1081 2521 1188 2572 tua
1227 2534 1453 2578 summa
1488 2516 1653 2591 eopia
1683 2536 1750 2574 80
1785 2517 2066 2592 singulari

295 2612 581 2669 faeultate
619 2609 851 2674 dicendi
889 2618 950 2668 et
988 2613 1054 2668 in
1100 2617 1310 2668 senatu
1357 2618 1560 2668 contra
1602 2613 1795 2670 virum
1833 2612 2063 2683 fortem,

296 2711 375 2768 A„
421 2709 753 2784 Gabinium,
795 2711 1054 2788 graviter
1092 2715 1411 2784 ornateque
1449 2708 1671 2780 dixisti,
1714 2728 1844 2766 011111
1891 2709 1943 2766 10
1994 2709 2067 2766 (10

297 2822 418 2862 11110
447 2806 799 2880 imperatore
833 2811 1037 2863 eontra
1073 2804 1396 2879 praedones
1434 2804 1841 2861 constituendo
1879 2803 2066 2878 legem

296 2900 737 2975 promulgasset,
760 2905 820 2957 et
839 2918 914 2956 ex
938 2899 1048 2956 hoo
1073 2900 1201 2975 ipso
1227 2898 1352 2955 1000
1377 2898 1671 2973 permulta
1695 2898 1838 2954 item
1864 2902 2068 2955 eontra

232 3047 236 3051 .
298 3015 429 3054 eam
467 2996 655 3072 legem
692 2997 872 3054 verba
922 2995 1129 3054 fecisti
1216 2995 1402 3065 Quid?
1458 3000 1604 3065 tum,
1646 3013 1752 3069 per
1789 2993 1927 3050 deos
1964 2994 2068 3050 1111-
2092 2998 2165 3056 53

296 3092 588 3165 mortales,
620 3094 671 3150 si
697 3094 830 3169 plus
859 3093 1019 3168 apud
1057 3092 1341 3167 populum
1380 3091 1714 3148 Romanum
1750 3090 2070 3148 auctoritas

296 3195 405 3247 tua
443 3208 620 3264 quam
657 3191 843 3266 ipsius
881 3189 1085 3266 populi
1126 3188 1381 3245 Romani
1421 3188 1579 3245 salus
1618 3194 1680 3245 et
1717 3206 1858 3244 vera
1897 3206 2071 3246 081108

296 3283 594 3358 valuisset,
634 3286 809 3344 hodie
846 3286 998 3343 hane
1035 3284 1281 3360 gloriam
1320 3290 1498 3360 atque
1535 3283 1645 3341 hoe
1684 3284 1840 3341 orbis
1877 3289 2070 3341 terrae

294 3381 610 3458 imperium
633 3382 995 3440 teneremus?
1072 3381 1178 3438 An
1193 3381 1308 3438 tibi
1326 3386 1456 3437 tum
1481 3380 1792 3456 imperium
1811 3380 1921 3439 hoe
1945 3397 2070 3439 esse
