2382 3787
576 254 698 311 DE
747 253 1113 333 IMPERIO
1169 251 1295 314 GN.
1356 253 1696 312 POMPEI.
1949 252 2023 311 27

256 406 525 464 tudinem
541 405 885 480 cupidorum
899 403 1203 463 hominum
1218 422 1390 461 nemo
1406 404 1742 462 arbitratur.
1780 403 2030 461 Difficile
2057 406 2128 463 65

256 510 349 560 est
375 503 553 575 dictu,
585 503 863 573 QuiriteS,
893 508 1113 576 quanto
1140 502 1208 558 in
1238 501 1371 558 odio
1398 500 1580 558 simus
1615 500 1773 575 apud
1800 507 2030 557 exteras

253 600 523 658 nationes
538 605 778 675 propter
802 618 1018 671 eorum,
1043 617 1188 673 quos
1215 598 1292 655 ad
1318 617 1415 654 eas
1441 617 1546 673 per
1560 597 1667 655 hos
1693 616 1876 654 annos
1895 616 2028 654 cum

253 697 500 772 imperio
543 696 825 767 misimus,
873 695 1148 752 libidines
1200 700 1262 751 et
1307 695 1567 751 iniurias,
1654 693 1826 763 Quod
1871 696 2027 751 enim

253 792 462 850 fanum
530 792 755 868 putatis
805 792 872 848 in
923 791 1042 848 illis
1095 791 1271 848 terris
1322 791 1539 849 nostris
1591 790 2029 865 magistratibus

253 888 606 963 religiosum,
648 884 825 963 quam
879 887 1178 943 civitatem
1233 890 1511 955 sanctam,
1560 904 1736 960 quam
1789 885 2027 943 domum

253 985 399 1042 satis
426 984 680 1041 clausam
706 1004 774 1042 ac
799 984 1089 1040 munitam
1105 983 1324 1039 fuisse?
1364 983 1560 1041 Urbes
1579 983 1697 1039 iam
1712 982 2027 1058 locupletes

253 1087 316 1138 et
357 1080 620 1155 copiosae
664 1081 1061 1154 requiruntur,
1108 1080 1322 1155 quibus
1374 1099 1547 1153 causa
1597 1079 1738 1137 belli
1789 1086 2027 1155 propter

253 1174 569 1251 diripiendi
588 1175 969 1250 cupiditatem
989 1174 1295 1232 inferatur.
1380 1174 1658 1231 Libenter
1672 1174 1813 1232 haec
1833 1195 2024 1232 coram
2052 1176 2124 1232 66

252 1289 387 1327 cum
414 1271 482 1340 Q.
516 1272 726 1329 Catulo
753 1277 814 1328 et
843 1272 910 1341 Q.
943 1271 1285 1342 HortensiO,
1315 1271 1557 1328 summis
1592 1277 1654 1328 et
1693 1271 2024 1328 clarissimis

253 1367 413 1436 viris,
457 1367 852 1442 disputarem3
905 1373 1200 1426 noverunt
1240 1367 1396 1422 enim
1437 1367 1721 1424 sociorum
1760 1367 2021 1438 vulnera,

253 1461 458 1518 vident
485 1481 684 1519 eorum
724 1463 1100 1533 calamitateS,
1131 1462 1523 1537 querimonias
1557 1463 1821 1520 audiunt.
1906 1463 2023 1520 Pro

251 1558 422 1614 sociis
452 1577 558 1615 vos
591 1565 795 1616 contra
830 1559 1027 1617 hostes
1067 1559 1389 1621 exercitum
1415 1559 1651 1616 mittere
1677 1559 1918 1634 putatiS,
1946 1579 2025 1616 an

250 1652 508 1716 hostium
536 1654 907 1712 simulatione
933 1661 1138 1711 contra
1164 1655 1348 1711 socios
1376 1660 1554 1730 atque
1569 1654 1820 1712 amicos?
1859 1654 2024 1724 Quae

250 1748 460 1805 civitas
502 1755 591 1806 est
634 1749 700 1805 in
741 1749 906 1819 Asia,
951 1767 1099 1824 quae
1138 1768 1260 1805 non
1300 1749 1472 1806 modo
1512 1747 1879 1824 imperatoris
1917 1755 2024 1805 aut

248 1843 445 1919 legati,
488 1845 590 1903 sed
631 1847 830 1911 unius,
846 1847 1073 1904 tribuni
1111 1846 1372 1904 militum
1412 1846 1637 1905 animos
1671 1866 1744 1905 ac
1782 1847 2024 1922 spiritus

247 1959 452 2015 capere
490 1942 711 2017 possit?
787 1942 1041 2000 XXIII.
1124 1943 1322 2013 Quare
1348 1943 1526 2001 etiam
1553 1944 1605 2001 si
1639 1963 1813 2019 quem
1844 1943 2019 2001 habe-

246 2038 343 2105 tis,
385 2037 488 2113 qui
517 2037 741 2095 collatis
779 2039 960 2113 signis
999 2040 1290 2097 exercitus
1329 2039 1517 2115 regios
1549 2059 1824 2115 superare
1853 2059 2019 2115 posse

248 2131 535 2214 videatur,
579 2138 795 2202 tamen,
843 2133 961 2190 nisi
1013 2133 1127 2190 erit
1180 2134 1353 2205 idem,
1402 2135 1505 2211 qui
1556 2154 1619 2192 se
1669 2153 1708 2192 a
1757 2136 2019 2211 pecuniis

246 2226 550 2298 sociorum,
580 2228 683 2303 qui
723 2228 798 2285 ab
834 2247 1034 2285 eorum
1067 2228 1411 2304 coniugibus
1449 2248 1518 2287 ac
1555 2228 1771 2301 liberis,
1802 2229 1905 2305 qui
1942 2231 2017 2287 ab

244 2321 604 2377 ornamentis
655 2320 928 2379 fanorum
971 2327 1150 2398 atque
1197 2323 1559 2398 oppidorum,
1609 2323 1711 2397 qui
1752 2323 1828 2380 ab
1874 2342 2018 2381 auro

243 2435 499 2493 gazaque
537 2419 697 2492 regia
727 2438 950 2490 manus,
981 2420 1191 2490 0011108,
1221 2420 1484 2476 811111111111
1519 2419 1784 2477 cohibere
1815 2422 2015 2514 possit,

242 2531 365 2569 non
391 2513 505 2570 erit
531 2513 776 2570 idoneus
801 2514 904 2589 qui
929 2514 1007 2571 ad
1044 2514 1265 2571 bellum
1303 2513 1637 2571 Asiaticum
1677 2516 2052 2592 regiumque

242 2609 534 2668 mittatur.
619 2610 881 2686 Ecquam
912 2611 1137 2686 putatis
1176 2610 1477 2668 civitatem
1508 2617 1778 2687 pacatam
1816 2611 2011 2684 fuisse,
2040 2615 2112 2672 67

241 2724 393 2780 quae
419 2705 675 2781 locuples
711 2708 828 2764 sit?
867 2726 1107 2785 ecquam
1143 2726 1268 2765 esse
1305 2706 1668 2783 locupletem,
1698 2727 1847 2786 quae
1884 2708 2014 2766 istis

240 2809 449 2875 pacata
496 2821 618 2862 esse
661 2803 969 2862 videatur'l
1050 2804 1169 2861 Ora
1211 2804 1524 2874 maritima,
1575 2804 1850 2874 Quirites,
1901 2803 2006 2863 Cn.

240 2899 584 2975 Pompeium
611 2920 732 2959 non
751 2902 938 2960 solum
964 2909 1204 2979 propter
1218 2903 1306 2960 rei
1330 2903 1603 2961 militaris
1620 2902 1880 2977 gloriam,
1909 2903 2010 2959 sed

238 2998 418 3055 etiam
440 3006 684 3074 propter
701 3000 885 3057 animi
910 3000 1333 3057 continentiam
1347 3000 1669 3076 requisivit.
1750 2997 2012 3055 Videbat

237 3094 396 3151 enim
430 3103 729 3171 praetores
762 3096 1105 3172 locupletari
1140 3096 1456 3172 quotannis
1495 3094 1741 3170 pecunia
1779 3093 2011 3169 publica

236 3197 469 3265 praeter
520 3210 748 3267 paucos,
798 3211 987 3269 neque
1038 3211 1136 3249 eos
1181 3192 1503 3269 quidquam
1554 3191 1718 3248 aliud
1768 3190 2009 3267 adsequi

236 3285 506 3343 classium
532 3287 784 3358 nomine,
802 3287 918 3343 nisi
943 3291 1013 3343 ut
1041 3287 1409 3343 detrimentis
1427 3285 1778 3361 accipiendis
1791 3285 2008 3343 maiore

234 3382 407 3439 adfici
450 3383 820 3460 turpitudine
862 3383 1209 3462 videremur.
1293 3381 1472 3439 Nunc
1518 3402 1634 3458 qua
1686 3382 2008 3458 cupiditate

394 3494 462 3535 w.
1808 3478 1843 3534 6
