<?xml version="1.0" encoding="UTF-8"?>
<!DOCTYPE html PUBLIC "-//W3C//DTD XHTML 1.0 Transitional//EN"
    "http://www.w3.org/TR/xhtml1/DTD/xhtml1-transitional.dtd">
<html xmlns="http://www.w3.org/1999/xhtml" xml:lang="en" lang="en">
 <head>
  <title>
</title>
<meta http-equiv="Content-Type" content="text/html;charset=utf-8" />
  <meta name='ocr-system' content='tesseract 3.04.00' />
  <meta name='ocr-capabilities' content='ocr_page ocr_carea ocr_par ocr_line ocrx_word'/>
</head>
<body>
  <div class='ocr_page' id='page_1' title='image "./mtulliciceronis01wilkgoog_0063.png"; bbox 0 0 2382 3787; ppageno 0'>
   <div class='ocr_carea' id='block_1_1' title="bbox 598 224 2043 315">
    <p class='ocr_par' dir='ltr' id='par_1_1' title="bbox 598 224 2043 315">
     <span class='ocr_line' id='line_1_1' title="bbox 598 224 2043 315; baseline 0.003 -32"><span class='ocrx_word' id='word_1_1' title='bbox 598 224 723 284; x_wconf 73' lang='lat' dir='ltr'>DE</span> <span class='ocrx_word' id='word_1_2' title='bbox 771 225 1138 291; x_wconf 76' lang='lat' dir='ltr'><em>IMPERIO</em></span> <span class='ocrx_word' id='word_1_3' title='bbox 1194 224 1327 288; x_wconf 72' lang='lat' dir='ltr'>CN.</span> <span class='ocrx_word' id='word_1_4' title='bbox 1383 225 1730 311; x_wconf 21' lang='lat' dir='ltr'><em>POMPEI..</em></span> <span class='ocrx_word' id='word_1_5' title='bbox 1875 308 1883 315; x_wconf 30' lang='grc'><strong>,</strong></span> <span class='ocrx_word' id='word_1_6' title='bbox 2005 228 2043 288; x_wconf 77' lang='lat'><strong>5</strong></span> 
     </span>
    </p>
   </div>
   <div class='ocr_carea' id='block_1_2' title="bbox 180 378 2143 3434">
    <p class='ocr_par' dir='ltr' id='par_1_2' title="bbox 268 378 2045 649">
     <span class='ocr_line' id='line_1_2' title="bbox 269 378 2043 458; baseline 0.002 -22"><span class='ocrx_word' id='word_1_7' title='bbox 269 384 364 436; x_wconf 88' lang='lat' dir='ltr'>tot</span> <span class='ocrx_word' id='word_1_8' title='bbox 389 378 627 437; x_wconf 86' lang='lat' dir='ltr'>milibus</span> <span class='ocrx_word' id='word_1_9' title='bbox 652 380 871 438; x_wconf 85' lang='lat' dir='ltr'>civium</span> <span class='ocrx_word' id='word_1_10' title='bbox 905 379 1310 439; x_wconf 88' lang='lat' dir='ltr'>Romanorum</span> <span class='ocrx_word' id='word_1_11' title='bbox 1335 400 1455 439; x_wconf 91' lang='lat' dir='ltr'>uno</span> <span class='ocrx_word' id='word_1_12' title='bbox 1480 381 1694 440; x_wconf 91' lang='lat' dir='ltr'>nuntio</span> <span class='ocrx_word' id='word_1_13' title='bbox 1720 387 1899 458; x_wconf 89' lang='lat' dir='ltr'>atque</span> <span class='ocrx_word' id='word_1_14' title='bbox 1924 400 2043 439; x_wconf 91' lang='lat' dir='ltr'>uno</span> 
     </span>
     <span class='ocr_line' id='line_1_3' title="bbox 268 475 2044 554; baseline 0.002 -22"><span class='ocrx_word' id='word_1_15' title='bbox 268 482 533 551; x_wconf 91' lang='lat' dir='ltr'>tempore</span> <span class='ocrx_word' id='word_1_16' title='bbox 549 476 915 553; x_wconf 71' lang='lat' dir='ltr'>necati3,quo</span> <span class='ocrx_word' id='word_1_17' title='bbox 933 475 1173 534; x_wconf 90' lang='lat' dir='ltr'>tandem</span> <span class='ocrx_word' id='word_1_18' title='bbox 1188 477 1386 535; x_wconf 88' lang='lat' dir='ltr'>animo</span> <span class='ocrx_word' id='word_1_19' title='bbox 1406 496 1529 535; x_wconf 84' lang='lat' dir='ltr'>esse</span> <span class='ocrx_word' id='word_1_20' title='bbox 1551 478 1805 536; x_wconf 71' lang='lat' dir='ltr'>debetis‘l</span> <span class='ocrx_word' id='word_1_21' title='bbox 1836 477 2044 554; x_wconf 79' lang='lat' dir='ltr'>Legati</span> 
     </span>
     <span class='ocr_line' id='line_1_4' title="bbox 269 567 2045 649; baseline 0.001 -21"><span class='ocrx_word' id='word_1_22' title='bbox 269 571 428 646; x_wconf 88' lang='lat' dir='ltr'>quod</span> <span class='ocrx_word' id='word_1_23' title='bbox 479 577 650 628; x_wconf 89' lang='lat' dir='ltr'>erant</span> <span class='ocrx_word' id='word_1_24' title='bbox 700 571 981 648; x_wconf 89' lang='lat' dir='ltr'>appellati</span> <span class='ocrx_word' id='word_1_25' title='bbox 1046 572 1368 648; x_wconf 86' lang='lat' dir='ltr'>superbius,</span> <span class='ocrx_word' id='word_1_26' title='bbox 1431 567 1783 632; x_wconf 72' lang='lat' dir='ltr'><strong>Corinthum</strong></span> <span class='ocrx_word' id='word_1_27' title='bbox 1847 579 2045 649; x_wconf 86' lang='lat' dir='ltr'>patres</span> 
     </span>
    </p>

    <p class='ocr_par' dir='ltr' id='par_1_3' title="bbox 180 667 2143 1700">
     <span class='ocr_line' id='line_1_5' title="bbox 268 667 2043 741; baseline 0.002 -17"><span class='ocrx_word' id='word_1_28' title='bbox 268 667 467 741; x_wconf 85' lang='lat' dir='ltr'>vestri,</span> <span class='ocrx_word' id='word_1_29' title='bbox 525 667 713 725; x_wconf 87' lang='lat' dir='ltr'>totius</span> <span class='ocrx_word' id='word_1_30' title='bbox 765 667 1043 725; x_wconf 81' lang='lat' dir='ltr'>Graeciae</span> <span class='ocrx_word' id='word_1_31' title='bbox 1093 668 1312 741; x_wconf 88' lang='lat' dir='ltr'>lumen,</span> <span class='ocrx_word' id='word_1_32' title='bbox 1357 669 1716 728; x_wconf 83' lang='lat' dir='ltr'>exstinctum</span> <span class='ocrx_word' id='word_1_33' title='bbox 1769 688 1894 728; x_wconf 87' lang='lat' dir='ltr'>esse</span> <span class='ocrx_word' id='word_1_34' title='bbox 1947 688 2043 728; x_wconf 87' lang='lat' dir='ltr'>vo-</span> 
     </span>
     <span class='ocr_line' id='line_1_6' title="bbox 180 745 2041 844; baseline 0.003 -25"><span class='ocrx_word' id='word_1_35' title='bbox 180 745 186 750; x_wconf 35' lang='lat'><em>*</em></span> <span class='ocrx_word' id='word_1_36' title='bbox 267 762 536 820; x_wconf 86' lang='lat' dir='ltr'>luerunt:</span> <span class='ocrx_word' id='word_1_37' title='bbox 575 781 680 820; x_wconf 85' lang='lat' dir='ltr'>vos</span> <span class='ocrx_word' id='word_1_38' title='bbox 714 781 862 820; x_wconf 62' lang='lat' dir='ltr'>eum&gt;</span> <span class='ocrx_word' id='word_1_39' title='bbox 879 782 1074 839; x_wconf 89' lang='lat' dir='ltr'>regem</span> <span class='ocrx_word' id='word_1_40' title='bbox 1112 764 1372 821; x_wconf 80' lang='lat' dir='ltr'>inultum</span> <span class='ocrx_word' id='word_1_41' title='bbox 1412 784 1536 823; x_wconf 88' lang='lat' dir='ltr'>esse</span> <span class='ocrx_word' id='word_1_42' title='bbox 1574 766 1898 842; x_wconf 89' lang='lat' dir='ltr'>patiemini,</span> <span class='ocrx_word' id='word_1_43' title='bbox 1936 768 2041 844; x_wconf 88' lang='lat' dir='ltr'>qui</span> 
     </span>
     <span class='ocr_line' id='line_1_7' title="bbox 266 853 2039 931; baseline 0.005 -21"><span class='ocrx_word' id='word_1_44' title='bbox 266 853 527 929; x_wconf 84' lang='lat' dir='ltr'>legatum</span> <span class='ocrx_word' id='word_1_45' title='bbox 552 855 756 931; x_wconf 89' lang='lat' dir='ltr'>populi</span> <span class='ocrx_word' id='word_1_46' title='bbox 770 856 1026 914; x_wconf 86' lang='lat' dir='ltr'>Romani</span> <span class='ocrx_word' id='word_1_47' title='bbox 1052 858 1414 916; x_wconf 80' lang='lat' dir='ltr'>consularem</span> <span class='ocrx_word' id='word_1_48' title='bbox 1429 860 1680 918; x_wconf 87' lang='lat' dir='ltr'>vinculis</span> <span class='ocrx_word' id='word_1_49' title='bbox 1706 880 1774 918; x_wconf 89' lang='lat' dir='ltr'>ac</span> <span class='ocrx_word' id='word_1_50' title='bbox 1789 861 2039 919; x_wconf 84' lang='lat' dir='ltr'>verberi-</span> 
     </span>
     <span class='ocr_line' id='line_1_8' title="bbox 268 943 2041 1027; baseline 0.003 -20"><span class='ocrx_word' id='word_1_51' title='bbox 268 951 382 1008; x_wconf 91' lang='lat' dir='ltr'>bus</span> <span class='ocrx_word' id='word_1_52' title='bbox 422 957 600 1027; x_wconf 91' lang='lat' dir='ltr'>atque</span> <span class='ocrx_word' id='word_1_53' title='bbox 636 951 797 1007; x_wconf 88' lang='lat' dir='ltr'>omni</span> <span class='ocrx_word' id='word_1_54' title='bbox 827 951 1112 1027; x_wconf 89' lang='lat' dir='ltr'>supplicio</span> <span class='ocrx_word' id='word_1_55' title='bbox 1154 953 1547 1011; x_wconf 74' lang='lat' dir='ltr'>excruciatam</span> <span class='ocrx_word' id='word_1_56' title='bbox 1586 943 1861 1013; x_wconf 66' lang='lat' dir='ltr'>necavit?</span> <span class='ocrx_word' id='word_1_57' title='bbox 1938 955 2041 1013; x_wconf 93' lang='lat' dir='ltr'>Illi</span> 
     </span>
     <span class='ocr_line' id='line_1_9' title="bbox 266 1048 2040 1110; baseline 0.003 -6"><span class='ocrx_word' id='word_1_58' title='bbox 266 1048 601 1105; x_wconf 89' lang='lat' dir='ltr'>libertatem</span> <span class='ocrx_word' id='word_1_59' title='bbox 640 1048 858 1105; x_wconf 84' lang='lat' dir='ltr'>civium</span> <span class='ocrx_word' id='word_1_60' title='bbox 899 1049 1300 1108; x_wconf 85' lang='lat' dir='ltr'>Romanorum</span> <span class='ocrx_word' id='word_1_61' title='bbox 1333 1051 1710 1109; x_wconf 74' lang='lat' dir='ltr'>imminutam</span> <span class='ocrx_word' id='word_1_62' title='bbox 1747 1071 1869 1110; x_wconf 93' lang='lat' dir='ltr'>non</span> <span class='ocrx_word' id='word_1_63' title='bbox 1893 1053 2040 1110; x_wconf 85' lang='lat' dir='ltr'>tule-</span> 
     </span>
     <span class='ocr_line' id='line_1_10' title="bbox 267 1145 2041 1223; baseline 0.003 -21"><span class='ocrx_word' id='word_1_64' title='bbox 267 1151 439 1203; x_wconf 85' lang='lat' dir='ltr'>runt:</span> <span class='ocrx_word' id='word_1_65' title='bbox 479 1164 584 1201; x_wconf 87' lang='lat' dir='ltr'>vos</span> <span class='ocrx_word' id='word_1_66' title='bbox 624 1145 810 1201; x_wconf 84' lang='lat' dir='ltr'>vitam</span> <span class='ocrx_word' id='word_1_67' title='bbox 852 1152 1113 1221; x_wconf 91' lang='lat' dir='ltr'>ereptam</span> <span class='ocrx_word' id='word_1_68' title='bbox 1158 1147 1516 1223; x_wconf 72' lang='lat' dir='ltr'>neglegetis‘l</span> <span class='ocrx_word' id='word_1_69' title='bbox 1592 1148 1688 1205; x_wconf 88' lang='lat' dir='ltr'>ius</span> <span class='ocrx_word' id='word_1_70' title='bbox 1731 1148 2041 1223; x_wconf 77' lang='lat' dir='ltr'>legationis</span> 
     </span>
     <span class='ocr_line' id='line_1_11' title="bbox 267 1236 2038 1320; baseline 0.003 -22"><span class='ocrx_word' id='word_1_71' title='bbox 267 1236 448 1299; x_wconf 82' lang='lat' dir='ltr'>verbo</span> <span class='ocrx_word' id='word_1_72' title='bbox 474 1242 761 1299; x_wconf 83' lang='lat' dir='ltr'>violatum</span> <span class='ocrx_word' id='word_1_73' title='bbox 792 1242 882 1299; x_wconf 90' lang='lat' dir='ltr'>illi</span> <span class='ocrx_word' id='word_1_74' title='bbox 916 1244 1205 1318; x_wconf 81' lang='lat' dir='ltr'>persecuti</span> <span class='ocrx_word' id='word_1_75' title='bbox 1238 1251 1402 1306; x_wconf 88' lang='lat' dir='ltr'>sunt:</span> <span class='ocrx_word' id='word_1_76' title='bbox 1444 1263 1550 1301; x_wconf 87' lang='lat' dir='ltr'>vos</span> <span class='ocrx_word' id='word_1_77' title='bbox 1586 1244 1847 1320; x_wconf 86' lang='lat' dir='ltr'>legatum</span> <span class='ocrx_word' id='word_1_78' title='bbox 1877 1247 2038 1304; x_wconf 89' lang='lat' dir='ltr'>omni</span> 
     </span>
     <span class='ocr_line' id='line_1_12' title="bbox 266 1337 2143 1415; baseline 0.005 -20"><span class='ocrx_word' id='word_1_79' title='bbox 266 1337 551 1413; x_wconf 88' lang='lat' dir='ltr'>supplicio</span> <span class='ocrx_word' id='word_1_80' title='bbox 575 1337 952 1395; x_wconf 83' lang='lat' dir='ltr'>interfectum</span> <span class='ocrx_word' id='word_1_81' title='bbox 991 1338 1369 1415; x_wconf 65' lang='lat' dir='ltr'>relinquetis?</span> <span class='ocrx_word' id='word_1_82' title='bbox 1445 1341 1665 1400; x_wconf 83' lang='lat' dir='ltr'>Videte</span> <span class='ocrx_word' id='word_1_83' title='bbox 1702 1363 1793 1415; x_wconf 88' lang='lat' dir='ltr'>ne,</span> <span class='ocrx_word' id='word_1_84' title='bbox 1824 1350 1895 1402; x_wconf 89' lang='lat' dir='ltr'>ut</span> <span class='ocrx_word' id='word_1_85' title='bbox 1919 1345 2039 1402; x_wconf 89' lang='lat' dir='ltr'>illis</span> <span class='ocrx_word' id='word_1_86' title='bbox 2069 1347 2143 1405; x_wconf 83' lang='lat'>12</span> 
     </span>
     <span class='ocr_line' id='line_1_13' title="bbox 265 1434 2039 1516; baseline 0.004 -24"><span class='ocrx_word' id='word_1_87' title='bbox 265 1434 722 1511; x_wconf 83' lang='lat' dir='ltr'>pulcherrimum</span> <span class='ocrx_word' id='word_1_88' title='bbox 787 1434 907 1492; x_wconf 77' lang='lat' dir='ltr'>fuit</span> <span class='ocrx_word' id='word_1_89' title='bbox 970 1441 1201 1493; x_wconf 84' lang='lat' dir='ltr'>tantam</span> <span class='ocrx_word' id='word_1_90' title='bbox 1267 1438 1433 1495; x_wconf 86' lang='lat' dir='ltr'>vobis</span> <span class='ocrx_word' id='word_1_91' title='bbox 1497 1439 1730 1515; x_wconf 88' lang='lat' dir='ltr'>imperii</span> <span class='ocrx_word' id='word_1_92' title='bbox 1793 1440 2039 1516; x_wconf 86' lang='lat' dir='ltr'>gloriam</span> 
     </span>
     <span class='ocr_line' id='line_1_14' title="bbox 265 1515 2041 1612; baseline 0.004 -25"><span class='ocrx_word' id='word_1_93' title='bbox 265 1530 514 1603; x_wconf 74' lang='lat' dir='ltr'>tradere,</span> <span class='ocrx_word' id='word_1_94' title='bbox 547 1530 629 1587; x_wconf 73' lang='lat' dir='ltr'>sio</span> <span class='ocrx_word' id='word_1_95' title='bbox 668 1530 834 1587; x_wconf 76' lang='lat' dir='ltr'>vobis</span> <span class='ocrx_word' id='word_1_96' title='bbox 872 1515 1279 1605; x_wconf 56' lang='lat' dir='ltr'>turpissimum</span> <span class='ocrx_word' id='word_1_97' title='bbox 1319 1532 1398 1590; x_wconf 70' lang='lat' dir='ltr'>sit</span> <span class='ocrx_word' id='word_1_98' title='bbox 1436 1532 1500 1590; x_wconf 86' lang='lat' dir='ltr'>id</span> <span class='ocrx_word' id='word_1_99' title='bbox 1540 1533 1699 1608; x_wconf 86' lang='lat' dir='ltr'>quod</span> <span class='ocrx_word' id='word_1_100' title='bbox 1736 1535 2041 1612; x_wconf 70' lang='lat' dir='ltr'>accepistis</span> 
     </span>
     <span class='ocr_line' id='line_1_15' title="bbox 266 1623 1237 1700; baseline 0.002 -18"><span class='ocrx_word' id='word_1_101' title='bbox 266 1623 426 1682; x_wconf 89' lang='lat' dir='ltr'>tueri</span> <span class='ocrx_word' id='word_1_102' title='bbox 451 1629 513 1681; x_wconf 88' lang='lat' dir='ltr'>et</span> <span class='ocrx_word' id='word_1_103' title='bbox 540 1643 882 1681; x_wconf 89' lang='lat' dir='ltr'>conservare</span> <span class='ocrx_word' id='word_1_104' title='bbox 907 1643 1030 1681; x_wconf 94' lang='lat' dir='ltr'>non</span> <span class='ocrx_word' id='word_1_105' title='bbox 1053 1644 1237 1700; x_wconf 81' lang='lat' dir='ltr'>posse.</span> 
     </span>
    </p>

    <p class='ocr_par' dir='ltr' id='par_1_4' title="bbox 266 1720 2142 3434">
     <span class='ocr_line' id='line_1_16' title="bbox 388 1720 2040 1801; baseline 0.005 -24"><span class='ocrx_word' id='word_1_106' title='bbox 388 1720 576 1790; x_wconf 68' lang='lat' dir='ltr'>Qujd‘t</span> <span class='ocrx_word' id='word_1_107' title='bbox 615 1720 770 1796; x_wconf 90' lang='lat' dir='ltr'>quod</span> <span class='ocrx_word' id='word_1_108' title='bbox 795 1720 954 1777; x_wconf 85' lang='lat' dir='ltr'>salus</span> <span class='ocrx_word' id='word_1_109' title='bbox 990 1721 1276 1778; x_wconf 89' lang='lat' dir='ltr'>sociorum</span> <span class='ocrx_word' id='word_1_110' title='bbox 1307 1741 1600 1780; x_wconf 87' lang='lat' dir='ltr'>summum</span> <span class='ocrx_word' id='word_1_111' title='bbox 1625 1724 1692 1782; x_wconf 90' lang='lat' dir='ltr'>in</span> <span class='ocrx_word' id='word_1_112' title='bbox 1716 1725 2040 1801; x_wconf 82' lang='lat' dir='ltr'>periculum</span> 
     </span>
     <span class='ocr_line' id='line_1_17' title="bbox 266 1818 2041 1895; baseline 0.002 -18"><span class='ocrx_word' id='word_1_113' title='bbox 266 1838 339 1878; x_wconf 85' lang='lat' dir='ltr'>ac</span> <span class='ocrx_word' id='word_1_114' title='bbox 365 1819 674 1876; x_wconf 82' lang='lat' dir='ltr'>discrimen</span> <span class='ocrx_word' id='word_1_115' title='bbox 698 1824 957 1892; x_wconf 86' lang='lat' dir='ltr'>voca-tur,</span> <span class='ocrx_word' id='word_1_116' title='bbox 987 1837 1102 1895; x_wconf 91' lang='lat' dir='ltr'>quo</span> <span class='ocrx_word' id='word_1_117' title='bbox 1128 1818 1368 1876; x_wconf 88' lang='lat' dir='ltr'>tandem</span> <span class='ocrx_word' id='word_1_118' title='bbox 1394 1820 1590 1878; x_wconf 90' lang='lat' dir='ltr'>animo</span> <span class='ocrx_word' id='word_1_119' title='bbox 1606 1820 1760 1880; x_wconf 80' lang='lat' dir='ltr'>ferre</span> <span class='ocrx_word' id='word_1_120' title='bbox 1789 1822 2041 1881; x_wconf 61' lang='lat' dir='ltr'>debetisi</span> 
     </span>
     <span class='ocr_line' id='line_1_18' title="bbox 267 1914 2042 1995; baseline 0.003 -22"><span class='ocrx_word' id='word_1_121' title='bbox 267 1916 480 1992; x_wconf 84' lang='lat' dir='ltr'>Regno</span> <span class='ocrx_word' id='word_1_122' title='bbox 531 1920 623 1972; x_wconf 89' lang='lat' dir='ltr'>est</span> <span class='ocrx_word' id='word_1_123' title='bbox 660 1915 938 1990; x_wconf 81' lang='lat' dir='ltr'>expulsus</span> <span class='ocrx_word' id='word_1_124' title='bbox 975 1914 1402 1973; x_wconf 81' lang='lat' dir='ltr'>Ariobarzanes</span> <span class='ocrx_word' id='word_1_125' title='bbox 1440 1936 1561 1991; x_wconf 73' lang='lat' dir='ltr'>rex,</span> <span class='ocrx_word' id='word_1_126' title='bbox 1605 1919 1794 1977; x_wconf 86' lang='lat' dir='ltr'>socius</span> <span class='ocrx_word' id='word_1_127' title='bbox 1838 1920 2042 1995; x_wconf 89' lang='lat' dir='ltr'>populi</span> 
     </span>
     <span class='ocr_line' id='line_1_19' title="bbox 267 2009 2033 2089; baseline 0.002 -19"><span class='ocrx_word' id='word_1_128' title='bbox 267 2011 527 2070; x_wconf 83' lang='lat' dir='ltr'>Romani</span> <span class='ocrx_word' id='word_1_129' title='bbox 552 2017 729 2087; x_wconf 91' lang='lat' dir='ltr'>atque</span> <span class='ocrx_word' id='word_1_130' title='bbox 749 2010 969 2067; x_wconf 88' lang='lat' dir='ltr'>amicus</span> <span class='ocrx_word' id='word_1_131' title='bbox 985 2030 1004 2082; x_wconf 81' lang='lat'>3</span> <span class='ocrx_word' id='word_1_132' title='bbox 1041 2009 1354 2083; x_wconf 88' lang='lat' dir='ltr'>imminent</span> <span class='ocrx_word' id='word_1_133' title='bbox 1374 2011 1491 2069; x_wconf 90' lang='lat' dir='ltr'>duo</span> <span class='ocrx_word' id='word_1_134' title='bbox 1506 2031 1674 2089; x_wconf 88' lang='lat' dir='ltr'>reges</span> <span class='ocrx_word' id='word_1_135' title='bbox 1694 2014 1811 2072; x_wconf 89' lang='lat' dir='ltr'>toti</span> <span class='ocrx_word' id='word_1_136' title='bbox 1834 2014 2033 2089; x_wconf 78' lang='lat' dir='ltr'>Asiae,</span> 
     </span>
     <span class='ocr_line' id='line_1_20' title="bbox 266 2106 2041 2180; baseline 0.001 -13"><span class='ocrx_word' id='word_1_137' title='bbox 266 2127 392 2168; x_wconf 85' lang='lat' dir='ltr'>non</span> <span class='ocrx_word' id='word_1_138' title='bbox 426 2107 615 2165; x_wconf 91' lang='lat' dir='ltr'>solum</span> <span class='ocrx_word' id='word_1_139' title='bbox 650 2106 816 2164; x_wconf 88' lang='lat' dir='ltr'>vobis</span> <span class='ocrx_word' id='word_1_140' title='bbox 849 2106 1249 2180; x_wconf 79' lang='lat' dir='ltr'>inimicissimi,</span> <span class='ocrx_word' id='word_1_141' title='bbox 1284 2106 1386 2165; x_wconf 87' lang='lat' dir='ltr'>sed</span> <span class='ocrx_word' id='word_1_142' title='bbox 1416 2107 1595 2165; x_wconf 91' lang='lat' dir='ltr'>etiam</span> <span class='ocrx_word' id='word_1_143' title='bbox 1634 2110 1846 2166; x_wconf 84' lang='lat' dir='ltr'>vestris</span> <span class='ocrx_word' id='word_1_144' title='bbox 1871 2110 2041 2168; x_wconf 87' lang='lat' dir='ltr'>sociis</span> 
     </span>
     <span class='ocr_line' id='line_1_21' title="bbox 266 2203 2041 2280; baseline 0.001 -19"><span class='ocrx_word' id='word_1_145' title='bbox 266 2210 449 2280; x_wconf 85' lang='lat' dir='ltr'>atque</span> <span class='ocrx_word' id='word_1_146' title='bbox 486 2203 688 2261; x_wconf 82' lang='lat' dir='ltr'>amicis</span> <span class='ocrx_word' id='word_1_147' title='bbox 709 2222 729 2274; x_wconf 81' lang='lat'>3</span> <span class='ocrx_word' id='word_1_148' title='bbox 770 2203 1038 2260; x_wconf 83' lang='lat' dir='ltr'>civitates</span> <span class='ocrx_word' id='word_1_149' title='bbox 1073 2208 1272 2259; x_wconf 89' lang='lat' dir='ltr'>autem</span> <span class='ocrx_word' id='word_1_150' title='bbox 1308 2222 1508 2261; x_wconf 88' lang='lat' dir='ltr'>omnes</span> <span class='ocrx_word' id='word_1_151' title='bbox 1537 2210 1746 2262; x_wconf 89' lang='lat' dir='ltr'>cuncta</span> <span class='ocrx_word' id='word_1_152' title='bbox 1776 2204 1926 2263; x_wconf 89' lang='lat' dir='ltr'>Asia</span> <span class='ocrx_word' id='word_1_153' title='bbox 1955 2212 2041 2263; x_wconf 91' lang='lat' dir='ltr'>at-</span> 
     </span>
     <span class='ocr_line' id='line_1_22' title="bbox 269 2287 2042 2376; baseline -0.001 -19"><span class='ocrx_word' id='word_1_154' title='bbox 269 2318 385 2376; x_wconf 88' lang='lat' dir='ltr'>que</span> <span class='ocrx_word' id='word_1_155' title='bbox 412 2299 657 2356; x_wconf 81' lang='lat' dir='ltr'>Graecia</span> <span class='ocrx_word' id='word_1_156' title='bbox 683 2304 945 2355; x_wconf 87' lang='lat' dir='ltr'>vestrum</span> <span class='ocrx_word' id='word_1_157' title='bbox 982 2296 1272 2355; x_wconf 83' lang='lat' dir='ltr'>auxilium</span> <span class='ocrx_word' id='word_1_158' title='bbox 1309 2287 1643 2373; x_wconf 57' lang='lat' dir='ltr'>exspectare</span> <span class='ocrx_word' id='word_1_159' title='bbox 1673 2304 1913 2374; x_wconf 91' lang='lat' dir='ltr'>propter</span> <span class='ocrx_word' id='word_1_160' title='bbox 1946 2318 2042 2375; x_wconf 89' lang='lat' dir='ltr'>pe-</span> 
     </span>
     <span class='ocr_line' id='line_1_23' title="bbox 269 2394 2039 2471; baseline -0.001 -17"><span class='ocrx_word' id='word_1_161' title='bbox 269 2396 444 2454; x_wconf 83' lang='lat' dir='ltr'>riqui</span> <span class='ocrx_word' id='word_1_162' title='bbox 481 2394 949 2471; x_wconf 87' lang='lat' dir='ltr'>magnitudinem</span> <span class='ocrx_word' id='word_1_163' title='bbox 988 2400 1311 2471; x_wconf 78' lang='lat' dir='ltr'>coguntur3</span> <span class='ocrx_word' id='word_1_164' title='bbox 1352 2394 1764 2469; x_wconf 87' lang='lat' dir='ltr'>imperatorem</span> <span class='ocrx_word' id='word_1_165' title='bbox 1803 2413 1841 2451; x_wconf 91' lang='lat' dir='ltr'>a</span> <span class='ocrx_word' id='word_1_166' title='bbox 1872 2395 2039 2468; x_wconf 84' lang='lat' dir='ltr'>vobis</span> 
     </span>
     <span class='ocr_line' id='line_1_24' title="bbox 266 2488 2029 2568; baseline -0.002 -17"><span class='ocrx_word' id='word_1_167' title='bbox 266 2498 496 2551; x_wconf 81' lang='lat' dir='ltr'>certum</span> <span class='ocrx_word' id='word_1_168' title='bbox 523 2492 843 2568; x_wconf 88' lang='lat' dir='ltr'>deposcere,</span> <span class='ocrx_word' id='word_1_169' title='bbox 874 2509 1008 2547; x_wconf 88' lang='lat' dir='ltr'>cum</span> <span class='ocrx_word' id='word_1_170' title='bbox 1033 2489 1376 2566; x_wconf 87' lang='lat' dir='ltr'>praesertim</span> <span class='ocrx_word' id='word_1_171' title='bbox 1403 2508 1507 2546; x_wconf 87' lang='lat' dir='ltr'>vos</span> <span class='ocrx_word' id='word_1_172' title='bbox 1529 2488 1712 2546; x_wconf 87' lang='lat' dir='ltr'>alium</span> <span class='ocrx_word' id='word_1_173' title='bbox 1738 2490 2029 2563; x_wconf 75' lang='lat' dir='ltr'>miseritiS,</span> 
     </span>
     <span class='ocr_line' id='line_1_25' title="bbox 269 2586 2034 2664; baseline -0.002 -17"><span class='ocrx_word' id='word_1_174' title='bbox 269 2607 461 2664; x_wconf 85' lang='lat' dir='ltr'>neque</span> <span class='ocrx_word' id='word_1_175' title='bbox 485 2589 707 2646; x_wconf 86' lang='lat' dir='ltr'>audent</span> <span class='ocrx_word' id='word_1_176' title='bbox 731 2606 921 2664; x_wconf 90' lang='lat' dir='ltr'>neque</span> <span class='ocrx_word' id='word_1_177' title='bbox 947 2607 1008 2645; x_wconf 84' lang='lat' dir='ltr'>se</span> <span class='ocrx_word' id='word_1_178' title='bbox 1034 2587 1098 2645; x_wconf 90' lang='lat' dir='ltr'>id</span> <span class='ocrx_word' id='word_1_179' title='bbox 1135 2587 1323 2645; x_wconf 86' lang='lat' dir='ltr'>facere</span> <span class='ocrx_word' id='word_1_180' title='bbox 1358 2586 1483 2643; x_wconf 87' lang='lat' dir='ltr'>sine</span> <span class='ocrx_word' id='word_1_181' title='bbox 1518 2604 1743 2644; x_wconf 91' lang='lat' dir='ltr'>summo</span> <span class='ocrx_word' id='word_1_182' title='bbox 1777 2586 2034 2662; x_wconf 79' lang='lat' dir='ltr'>periculo</span> 
     </span>
     <span class='ocr_line' id='line_1_26' title="bbox 271 2676 2142 2759; baseline -0.002 -19"><span class='ocrx_word' id='word_1_183' title='bbox 271 2702 440 2759; x_wconf 85' lang='lat' dir='ltr'>posse</span> <span class='ocrx_word' id='word_1_184' title='bbox 463 2682 844 2740; x_wconf 87' lang='lat' dir='ltr'>arbitrantur.</span> <span class='ocrx_word' id='word_1_185' title='bbox 927 2681 1155 2740; x_wconf 89' lang='lat' dir='ltr'>Vident</span> <span class='ocrx_word' id='word_1_186' title='bbox 1181 2687 1244 2739; x_wconf 90' lang='lat' dir='ltr'>et</span> <span class='ocrx_word' id='word_1_187' title='bbox 1269 2681 1535 2738; x_wconf 87' lang='lat' dir='ltr'>sentiunt</span> <span class='ocrx_word' id='word_1_188' title='bbox 1559 2679 1669 2738; x_wconf 89' lang='lat' dir='ltr'>hoc</span> <span class='ocrx_word' id='word_1_189' title='bbox 1694 2680 1850 2737; x_wconf 88' lang='lat' dir='ltr'>idem</span> <span class='ocrx_word' id='word_1_190' title='bbox 1876 2678 2033 2756; x_wconf 88' lang='lat' dir='ltr'>quod</span> <span class='ocrx_word' id='word_1_191' title='bbox 2069 2676 2142 2736; x_wconf 87' lang='lat'>13</span> 
     </span>
     <span class='ocr_line' id='line_1_27' title="bbox 271 2775 2037 2854; baseline -0.002 -18"><span class='ocrx_word' id='word_1_192' title='bbox 271 2797 391 2852; x_wconf 73' lang='lat' dir='ltr'>voe,</span> <span class='ocrx_word' id='word_1_193' title='bbox 425 2797 611 2836; x_wconf 89' lang='lat' dir='ltr'>unum</span> <span class='ocrx_word' id='word_1_194' title='bbox 646 2778 841 2834; x_wconf 85' lang='lat' dir='ltr'>virum</span> <span class='ocrx_word' id='word_1_195' title='bbox 872 2796 1011 2851; x_wconf 87' lang='lat' dir='ltr'>esse,</span> <span class='ocrx_word' id='word_1_196' title='bbox 1043 2778 1110 2835; x_wconf 91' lang='lat' dir='ltr'>in</span> <span class='ocrx_word' id='word_1_197' title='bbox 1149 2796 1266 2854; x_wconf 91' lang='lat' dir='ltr'>quo</span> <span class='ocrx_word' id='word_1_198' title='bbox 1305 2796 1532 2835; x_wconf 87' lang='lat' dir='ltr'>summa</span> <span class='ocrx_word' id='word_1_199' title='bbox 1570 2777 1691 2835; x_wconf 89' lang='lat' dir='ltr'>sint</span> <span class='ocrx_word' id='word_1_200' title='bbox 1731 2775 1941 2849; x_wconf 86' lang='lat' dir='ltr'>omnia,</span> <span class='ocrx_word' id='word_1_201' title='bbox 1974 2780 2037 2832; x_wconf 88' lang='lat' dir='ltr'>et</span> 
     </span>
     <span class='ocr_line' id='line_1_28' title="bbox 269 2872 2040 2952; baseline 0 -20"><span class='ocrx_word' id='word_1_202' title='bbox 269 2893 406 2932; x_wconf 88' lang='lat' dir='ltr'>eum</span> <span class='ocrx_word' id='word_1_203' title='bbox 444 2881 684 2952; x_wconf 86' lang='lat' dir='ltr'>propter</span> <span class='ocrx_word' id='word_1_204' title='bbox 721 2893 863 2948; x_wconf 86' lang='lat' dir='ltr'>esse,</span> <span class='ocrx_word' id='word_1_205' title='bbox 905 2893 1022 2951; x_wconf 89' lang='lat' dir='ltr'>quo</span> <span class='ocrx_word' id='word_1_206' title='bbox 1059 2875 1240 2933; x_wconf 90' lang='lat' dir='ltr'>etiam</span> <span class='ocrx_word' id='word_1_207' title='bbox 1292 2878 1494 2932; x_wconf 86' lang='lat' dir='ltr'>carent</span> <span class='ocrx_word' id='word_1_208' title='bbox 1544 2873 1811 2948; x_wconf 89' lang='lat' dir='ltr'>aegrius:</span> <span class='ocrx_word' id='word_1_209' title='bbox 1872 2872 2040 2932; x_wconf 89' lang='lat' dir='ltr'>cuius</span> 
     </span>
     <span class='ocr_line' id='line_1_29' title="bbox 268 2968 2039 3047; baseline -0.002 -18"><span class='ocrx_word' id='word_1_210' title='bbox 268 2970 530 3029; x_wconf 86' lang='lat' dir='ltr'>adventu</span> <span class='ocrx_word' id='word_1_211' title='bbox 555 2971 683 3047; x_wconf 89' lang='lat' dir='ltr'>ipso</span> <span class='ocrx_word' id='word_1_212' title='bbox 707 2977 886 3047; x_wconf 86' lang='lat' dir='ltr'>atque</span> <span class='ocrx_word' id='word_1_213' title='bbox 910 2969 1161 3041; x_wconf 90' lang='lat' dir='ltr'>nomine,</span> <span class='ocrx_word' id='word_1_214' title='bbox 1190 2970 1428 3027; x_wconf 83' lang='lat' dir='ltr'>tametsi</span> <span class='ocrx_word' id='word_1_215' title='bbox 1452 2969 1553 3026; x_wconf 90' lang='lat' dir='ltr'>ille</span> <span class='ocrx_word' id='word_1_216' title='bbox 1577 2968 1655 3026; x_wconf 87' lang='lat' dir='ltr'>ad</span> <span class='ocrx_word' id='word_1_217' title='bbox 1679 2968 2039 3026; x_wconf 89' lang='lat' dir='ltr'>maritimum</span> 
     </span>
     <span class='ocr_line' id='line_1_30' title="bbox 272 3067 2040 3143; baseline 0 -17"><span class='ocrx_word' id='word_1_218' title='bbox 272 3067 489 3126; x_wconf 90' lang='lat' dir='ltr'>bellum</span> <span class='ocrx_word' id='word_1_219' title='bbox 515 3067 762 3140; x_wconf 86' lang='lat' dir='ltr'>venerit,</span> <span class='ocrx_word' id='word_1_220' title='bbox 789 3073 991 3125; x_wconf 87' lang='lat' dir='ltr'>tamen</span> <span class='ocrx_word' id='word_1_221' title='bbox 1024 3067 1280 3143; x_wconf 87' lang='lat' dir='ltr'>impetus</span> <span class='ocrx_word' id='word_1_222' title='bbox 1307 3067 1567 3124; x_wconf 86' lang='lat' dir='ltr'>hostium</span> <span class='ocrx_word' id='word_1_223' title='bbox 1601 3084 1891 3140; x_wconf 90' lang='lat' dir='ltr'>repressos</span> <span class='ocrx_word' id='word_1_224' title='bbox 1915 3086 2040 3126; x_wconf 88' lang='lat' dir='ltr'>esse</span> 
     </span>
     <span class='ocr_line' id='line_1_31' title="bbox 267 3161 2039 3241; baseline -0.001 -17"><span class='ocrx_word' id='word_1_225' title='bbox 267 3165 624 3241; x_wconf 86' lang='lat' dir='ltr'>intellegunt</span> <span class='ocrx_word' id='word_1_226' title='bbox 674 3182 744 3223; x_wconf 84' lang='lat' dir='ltr'>ac</span> <span class='ocrx_word' id='word_1_227' title='bbox 783 3164 1127 3223; x_wconf 81' lang='lat' dir='ltr'>retardatos.</span> <span class='ocrx_word' id='word_1_228' title='bbox 1210 3163 1302 3221; x_wconf 89' lang='lat' dir='ltr'>Hi</span> <span class='ocrx_word' id='word_1_229' title='bbox 1357 3182 1477 3237; x_wconf 74' lang='lat' dir='ltr'>voS,</span> <span class='ocrx_word' id='word_1_230' title='bbox 1532 3161 1806 3238; x_wconf 88' lang='lat' dir='ltr'>quoniam</span> <span class='ocrx_word' id='word_1_231' title='bbox 1857 3162 2039 3222; x_wconf 89' lang='lat' dir='ltr'>libere</span> 
     </span>
     <span class='ocr_line' id='line_1_32' title="bbox 269 3259 2040 3337; baseline -0.001 -18"><span class='ocrx_word' id='word_1_232' title='bbox 269 3260 433 3337; x_wconf 86' lang='lat' dir='ltr'>loqui</span> <span class='ocrx_word' id='word_1_233' title='bbox 484 3279 606 3319; x_wconf 92' lang='lat' dir='ltr'>non</span> <span class='ocrx_word' id='word_1_234' title='bbox 656 3260 810 3334; x_wconf 90' lang='lat' dir='ltr'>licet,</span> <span class='ocrx_word' id='word_1_235' title='bbox 861 3259 1042 3318; x_wconf 88' lang='lat' dir='ltr'>tacite</span> <span class='ocrx_word' id='word_1_236' title='bbox 1094 3264 1321 3335; x_wconf 85' lang='lat' dir='ltr'>rogant,</span> <span class='ocrx_word' id='word_1_237' title='bbox 1370 3263 1444 3317; x_wconf 93' lang='lat' dir='ltr'>ut</span> <span class='ocrx_word' id='word_1_238' title='bbox 1489 3277 1550 3315; x_wconf 86' lang='lat' dir='ltr'>se</span> <span class='ocrx_word' id='word_1_239' title='bbox 1596 3275 1844 3334; x_wconf 90' lang='lat' dir='ltr'>quoque,</span> <span class='ocrx_word' id='word_1_240' title='bbox 1887 3259 2040 3318; x_wconf 86' lang='lat' dir='ltr'>sicut</span> 
     </span>
     <span class='ocr_line' id='line_1_33' title="bbox 269 3346 2041 3434; baseline -0.002 -18"><span class='ocrx_word' id='word_1_241' title='bbox 269 3362 596 3416; x_wconf 88' lang='lat' dir='ltr'>ceterarum</span> <span class='ocrx_word' id='word_1_242' title='bbox 662 3356 1094 3434; x_wconf 85' lang='lat' dir='ltr'>provinciarum</span> <span class='ocrx_word' id='word_1_243' title='bbox 1161 3355 1359 3429; x_wconf 82' lang='lat' dir='ltr'>socios,</span> <span class='ocrx_word' id='word_1_244' title='bbox 1407 3346 1627 3431; x_wconf 59' lang='lat' dir='ltr'>‘dignos</span> <span class='ocrx_word' id='word_1_245' title='bbox 1692 3354 2041 3414; x_wconf 77' lang='lat' dir='ltr'>existimetis</span> 
     </span>
    </p>
   </div>
  </div>
 </body>
</html>
